TradingDay,InstrumentID,LastPrice,PreSettlementPrice,PreClosePrice,PreOpenInterest,OpenPrice,HighestPrice,LowestPrice,Volume,Turnover,OpenInterest,ClosePrice,SettlementPrice,UpperLimitPrice,LowerLimitPrice,PreDelta,CurrDelta,UpdateTime,UpdateMillisec,BidPrice1,BidVolume1,AskPrice1,AskVolume1,AveragePrice,ActionDay
20211014,cu2111,72490.0,70150.0,70100.0,141888.0,70680.0,73630.0,70480.0,237953,85437364900.0,160705.0,1.7976931348623157e+308,1.7976931348623157e+308,75760.0,64530.0,0.0,1.7976931348623157e+308,20:33:58,0,359051.42990422476,20211013,72480.0,29,72490.0,11,1.7976931348623157e+308,0,1.7976931348623157e+308,0,1.7976931348623157e+308,0,1.7976931348623157e+308,0,1.7976931348623157e+308,0,1.7976931348623157e+308,0,1.7976931348623157e+308,0,1.7976931348623157e+308,0
20211014,cu2111,72490.0,70150.0,70100.0,141888.0,70680.0,73630.0,70480.0,237960,85439902000.0,160707.0,1.7976931348623157e+308,1.7976931348623157e+308,75760.0,64530.0,0.0,1.7976931348623157e+308,20:33:58,500,359051.52966885193,20211013,72480.0,28,72490.0,5,1.7976931348623157e+308,0,1.7976931348623157e+308,0,1.7976931348623157e+308,0,1.7976931348623157e+308,0,1.7976931348623157e+308,0,1.7976931348623157e+308,0,1.7976931348623157e+308,0,1.7976931348623157e+308,0
20211014,cu2111,72490.0,70150.0,70100.0,141888.0,70680.0,73630.0,70480.0,237962,85440626900.0,160707.0,1.7976931348623157e+308,1.7976931348623157e+308,75760.0,64530.0,0.0,1.7976931348623157e+308,20:33:59,0,359051.5582319866,20211013,72480.0,28,72490.0,3,1.7976931348623157e+308,0,1.7976931348623157e+308,0,1.7976931348623157e+308,0,1.7976931348623157e+308,0,1.7976931348623157e+308,0,1.7976931348623157e+308,0,1.7976931348623157e+308,0,1.7976931348623157e+308,0
20211014,cu2111,72490.0,70150.0,70100.0,141888.0,70680.0,73630.0,70480.0,237966,85442076700.0,160710.0,1.7976931348623157e+308,1.7976931348623157e+308,75760.0,64530.0,0.0,1.7976931348623157e+308,20:33:59,500,359051.6153568157,20211013,72480.0,28,72490.0,1,1.7976931348623157e+308,0,1.7976931348623157e+308,0,1.7976931348623157e+308,0,1.7976931348623157e+308,0,1.7976931348623157e+308,0,1.7976931348623157e+308,0,1.7976931348623157e+308,0,1.7976931348623157e+308,0
20211014,cu2111,72480.0,70150.0,70100.0,141888.0,70680.0,73630.0,70480.0,237975,85445338500.0,160712.0,1.7976931348623157e+308,1.7976931348623157e+308,75760.0,64530.0,0.0,1.7976931348623157e+308,20:34:00,0,359051.7428301292,20211013,72480.0,22,72510.0,38,1.7976931348623157e+308,0,1.7976931348623157e+308,0,1.7976931348623157e+308,0,1.7976931348623157e+308,0,1.7976931348623157e+308,0,1.7976931348623157e+308,0,1.7976931348623157e+308,0,1.7976931348623157e+308,0
20211014,cu2111,72480.0,70150.0,70100.0,141888.0,70680.0,73630.0,70480.0,237976,85445700900.0,160712.0,1.7976931348623157e+308,1.7976931348623157e+308,75760.0,64530.0,0.0,1.7976931348623157e+308,20:34:00,500,359051.75689985545,20211013,72490.0,1,72500.0,1,1.7976931348623157e+308,0,1.7976931348623157e+308,0,1.7976931348623157e+308,0,1.7976931348623157e+308,0,1.7976931348623157e+308,0,1.7976931348623157e+308,0,1.7976931348623157e+308,0,1.7976931348623157e+308,0
20211014,cu2111,72490.0,70150.0,70100.0,141888.0,70680.0,73630.0,70480.0,238021,85462009450.0,160708.0,1.7976931348623157e+308,1.7976931348623157e+308,75760.0,64530.0,0.0,1.7976931348623157e+308,20:34:01,0,359052.392225896,20211013,72480.0,3,72490.0,9,1.7976931348623157e+308,0,1.7976931348623157e+308,0,1.7976931348623157e+308,0,1.7976931348623157e+308,0,1.7976931348623157e+308,0,1.7976931348623157e+308,0,1.7976931348623157e+308,0,1.7976931348623157e+308,0
20211014,cu2111,72480.0,70150.0,70100.0,141888.0,70680.0,73630.0,70480.0,238022,85462371850.0,160707.0,1.7976931348623157e+308,1.7976931348623157e+308,75760.0,64530.0,0.0,1.7976931348623157e+308,20:34:01,500,359052.40629017487,20211013,72480.0,1,72490.0,9,1.7976931348623157e+308,0,1.7976931348623157e+308,0,1.7976931348623157e+308,0,1.7976931348623157e+308,0,1.7976931348623157e+308,0,1.7976931348623157e+308,0,1.7976931348623157e+308,0,1.7976931348623157e+308,0
20211014,cu2111,72480.0,70150.0,70100.0,141888.0,70680.0,73630.0,70480.0,238023,85462734250.0,160706.0,1.7976931348623157e+308,1.7976931348623157e+308,75760.0,64530.0,0.0,1.7976931348623157e+308,20:34:02,0,359052.4203543355,20211013,72470.0,47,72490.0,9,1.7976931348623157e+308,0,1.7976931348623157e+308,0,1.7976931348623157e+308,0,1.7976931348623157e+308,0,1.7976931348623157e+308,0,1.7976931348623157e+308,0,1.7976931348623157e+308,0,1.7976931348623157e+308,0
20211014,cu2111,72480.0,70150.0,70100.0,141888.0,70680.0,73630.0,70480.0,238024,85463096650.0,160706.0,1.7976931348623157e+308,1.7976931348623157e+308,75760.0,64530.0,0.0,1.7976931348623157e+308,20:34:02,500,359052.434418378,20211013,72470.0,42,72490.0,9,1.7976931348623157e+308,0,1.7976931348623157e+308,0,1.7976931348623157e+308,0,1.7976931348623157e+308,0,1.7976931348623157e+308,0,1.7976931348623157e+308,0,1.7976931348623157e+308,0,1.7976931348623157e+308,0
20211014,cu2111,72470.0,70150.0,70100.0,141888.0,70680.0,73630.0,70480.0,238028,85464546150.0,160702.0,1.7976931348623157e+308,1.7976931348623157e+308,75760.0,64530.0,0.0,1.7976931348623157e+308,20:34:03,0,359052.4902532475,20211013,72470.0,39,72490.0,9,1.7976931348623157e+308,0,1.7976931348623157e+308,0,1.7976931348623157e+308,0,1.7976931348623157e+308,0,1.7976931348623157e+308,0,1.7976931348623157e+308,0,1.7976931348623157e+308,0,1.7976931348623157e+308,0
20211014,cu2111,72490.0,70150.0,70100.0,141888.0,70680.0,73630.0,70480.0,238034,85466720650.0,160698.0,1.7976931348623157e+308,1.7976931348623157e+308,75760.0,64530.0,0.0,1.7976931348623157e+308,20:34:03,500,359052.57505230344,20211013,72470.0,37,72480.0,20,1.7976931348623157e+308,0,1.7976931348623157e+308,0,1.7976931348623157e+308,0,1.7976931348623157e+308,0,1.7976931348623157e+308,0,1.7976931348623157e+308,0,1.7976931348623157e+308,0,1.7976931348623157e+308,0
20211014,cu2111,72480.0,70150.0,70100.0,141888.0,70680.0,73630.0,70480.0,238038,85468170250.0,160699.0,1.7976931348623157e+308,1.7976931348623157e+308,75760.0,64530.0,0.0,1.7976931348623157e+308,20:34:04,0,359052.63130256516,20211013,72470.0,37,72480.0,16,1.7976931348623157e+308,0,1.7976931348623157e+308,0,1.7976931348623157e+308,0,1.7976931348623157e+308,0,1.7976931348623157e+308,0,1.7976931348623157e+308,0,1.7976931348623157e+308,0,1.7976931348623157e+308,0
20211014,cu2111,72490.0,70150.0,70100.0,141888.0,70680.0,73630.0,70480.0,238057,85475055900.0,160710.0,1.7976931348623157e+308,1.7976931348623157e+308,75760.0,64530.0,0.0,1.7976931348623157e+308,20:34:04,500,359052.8986755273,20211013,72470.0,37,72490.0,6,1.7976931348623157e+308,0,1.7976931348623157e+308,0,1.7976931348623157e+308,0,1.7976931348623157e+308,0,1.7976931348623157e+308,0,1.7976931348623157e+308,0,1.7976931348623157e+308,0,1.7976931348623157e+308,0
20211014,cu2111,72490.0,70150.0,70100.0,141888.0,70680.0,73630.0,70480.0,238061,85476505700.0,160709.0,1.7976931348623157e+308,1.7976931348623157e+308,75760.0,64530.0,0.0,1.7976931348623157e+308,20:34:05,0,359052.95575503755,20211013,72480.0,1,72490.0,5,1.7976931348623157e+308,0,1.7976931348623157e+308,0,1.7976931348623157e+308,0,1.7976931348623157e+308,0,1.7976931348623157e+308,0,1.7976931348623157e+308,0,1.7976931348623157e+308,0,1.7976931348623157e+308,0
20211014,cu2111,72480.0,70150.0,70100.0,141888.0,70680.0,73630.0,70480.0,238063,85477230500.0,160707.0,1.7976931348623157e+308,1.7976931348623157e+308,75760.0,64530.0,0.0,1.7976931348623157e+308,20:34:05,500,359052.98387401656,20211013,72470.0,37,72490.0,1,1.7976931348623157e+308,0,1.7976931348623157e+308,0,1.7976931348623157e+308,0,1.7976931348623157e+308,0,1.7976931348623157e+308,0,1.7976931348623157e+308,0,1.7976931348623157e+308,0,1.7976931348623157e+308,0
20211014,cu2111,72490.0,70150.0,70100.0,141888.0,70680.0,73630.0,70480.0,238064,85477592950.0,160708.0,1.7976931348623157e+308,1.7976931348623157e+308,75760.0,64530.0,0.0,1.7976931348623157e+308,20:34:06,0,359052.9981433564,20211013,72490.0,4,72500.0,22,1.7976931348623157e+308,0,1.7976931348623157e+308,0,1.7976931348623157e+308,0,1.7976931348623157e+308,0,1.7976931348623157e+308,0,1.7976931348623157e+308,0,1.7976931348623157e+308,0,1.7976931348623157e+308,0
20211014,cu2111,72500.0,70150.0,70100.0,141888.0,70680.0,73630.0,70480.0,238069,85479405250.0,160705.0,1.7976931348623157e+308,1.7976931348623157e+308,75760.0,64530.0,0.0,1.7976931348623157e+308,20:34:06,500,359053.0696982808,20211013,72480.0,2,72500.0,17,1.7976931348623157e+308,0,1.7976931348623157e+308,0,1.7976931348623157e+308,0,1.7976931348623157e+308,0,1.7976931348623157e+308,0,1.7976931348623157e+308,0,1.7976931348623157e+308,0,1.7976931348623157e+308,0
20211014,cu2111,72480.0,70150.0,70100.0,141888.0,70680.0,73630.0,70480.0,238071,85480130050.0,160705.0,1.7976931348623157e+308,1.7976931348623157e+308,75760.0,64530.0,0.0,1.7976931348623157e+308,20:34:07,0,359053.0978153576,20211013,72470.0,42,72480.0,1,1.7976931348623157e+308,0,1.7976931348623157e+308,0,1.7976931348623157e+308,0,1.7976931348623157e+308,0,1.7976931348623157e+308,0,1.7976931348623157e+308,0,1.7976931348623157e+308,0,1.7976931348623157e+308,0
20211014,cu2111,72490.0,70150.0,70100.0,141888.0,70680.0,73630.0,70480.0,238074,85481217350.0,160705.0,1.7976931348623157e+308,1.7976931348623157e+308,75760.0,64530.0,0.0,1.7976931348623157e+308,20:34:07,500,359053.14041012456,20211013,72480.0,4,72500.0,21,1.7976931348623157e+308,0,1.7976931348623157e+308,0,1.7976931348623157e+308,0,1.7976931348623157e+308,0,1.7976931348623157e+308,0,1.7976931348623157e+308,0,1.7976931348623157e+308,0,1.7976931348623157e+308,0
20211014,cu2111,72480.0,70150.0,70100.0,141888.0,70680.0,73630.0,70480.0,238078,85482666950.0,160703.0,1.7976931348623157e+308,1.7976931348623157e+308,75760.0,64530.0,0.0,1.7976931348623157e+308,20:34:08,0,359053.19664143684,20211013,72480.0,1,72490.0,1,1.7976931348623157e+308,0,1.7976931348623157e+308,0,1.7976931348623157e+308,0,1.7976931348623157e+308,0,1.7976931348623157e+308,0,1.7976931348623157e+308,0,1.7976931348623157e+308,0,1.7976931348623157e+308,0
20211014,cu2111,72480.0,70150.0,70100.0,141888.0,70680.0,73630.0,70480.0,238079,85483029350.0,160703.0,1.7976931348623157e+308,1.7976931348623157e+308,75760.0,64530.0,0.0,1.7976931348623157e+308,20:34:08,500,359053.21069896966,20211013,72470.0,43,72490.0,1,1.7976931348623157e+308,0,1.7976931348623157e+308,0,1.7976931348623157e+308,0,1.7976931348623157e+308,0,1.7976931348623157e+308,0,1.7976931348623157e+308,0,1.7976931348623157e+308,0,1.7976931348623157e+308,0
20211014,cu2111,72470.0,70150.0,70100.0,141888.0,70680.0,73630.0,70480.0,238086,85485565800.0,160703.0,1.7976931348623157e+308,1.7976931348623157e+308,75760.0,64530.0,0.0,1.7976931348623157e+308,20:34:09,0,359053.30762833596,20211013,72470.0,35,72480.0,1,1.7976931348623157e+308,0,1.7976931348623157e+308,0,1.7976931348623157e+308,0,1.7976931348623157e+308,0,1.7976931348623157e+308,0,1.7976931348623157e+308,0,1.7976931348623157e+308,0,1.7976931348623157e+308,0
20211014,cu2111,72480.0,70150.0,70100.0,141888.0,70680.0,73630.0,70480.0,238087,85485928200.0,160704.0,1.7976931348623157e+308,1.7976931348623157e+308,75760.0,64530.0,0.0,1.7976931348623157e+308,20:34:09,500,359053.3216849303,20211013,72480.0,2,72490.0,1,1.7976931348623157e+308,0,1.7976931348623157e+308,0,1.7976931348623157e+308,0,1.7976931348623157e+308,0,1.7976931348623157e+308,0,1.7976931348623157e+308,0,1.7976931348623157e+308,0,1.7976931348623157e+308,0
20211014,cu2111,72480.0,70150.0,70100.0,141888.0,70680.0,73630.0,70480.0,238088,85486290600.0,160703.0,1.7976931348623157e+308,1.7976931348623157e+308,75760.0,64530.0,0.0,1.7976931348623157e+308,20:34:10,0,359053.33574140654,20211013,72480.0,1,72490.0,1,1.7976931348623157e+308,0,1.7976931348623157e+308,0,1.7976931348623157e+308,0,1.7976931348623157e+308,0,1.7976931348623157e+308,0,1.7976931348623157e+308,0,1.7976931348623157e+308,0,1.7976931348623157e+308,0
20211014,cu2111,72480.0,70150.0,70100.0,141888.0,70680.0,73630.0,70480.0,238105,85492451350.0,160713.0,1.7976931348623157e+308,1.7976931348623157e+308,75760.0,64530.0,0.0,1.7976931348623157e+308,20:34:10,500,359053.5744734466,20211013,72490.0,4,72500.0,17,1.7976931348623157e+308,0,1.7976931348623157e+308,0,1.7976931348623157e+308,0,1.7976931348623157e+308,0,1.7976931348623157e+308,0,1.7976931348623157e+308,0,1.7976931348623157e+308,0,1.7976931348623157e+308,0
20211014,cu2111,72480.0,70150.0,70100.0,141888.0,70680.0,73630.0,70480.0,238112,85494988350.0,160715.0,1.7976931348623157e+308,1.7976931348623157e+308,75760.0,64530.0,0.0,1.7976931348623157e+308,20:34:11,0,359053.67369137215,20211013,72470.0,31,72480.0,5,1.7976931348623157e+308,0,1.7976931348623157e+308,0,1.7976931348623157e+308,0,1.7976931348623157e+308,0,1.7976931348623157e+308,0,1.7976931348623157e+308,0,1.7976931348623157e+308,0,1.7976931348623157e+308,0
20211014,cu2111,72470.0,70150.0,70100.0,141888.0,70680.0,73630.0,70480.0,238135,85503324200.0,160719.0,1.7976931348623157e+308,1.7976931348623157e+308,75760.0,64530.0,0.0,1.7976931348623157e+308,20:34:11,500,359053.99962206313,20211013,72470.0,28,72500.0,4,1.7976931348623157e+308,0,1.7976931348623157e+308,0,1.7976931348623157e+308,0,1.7976931348623157e+308,0,1.7976931348623157e+308,0,1.7976931348623157e+308,0,1.7976931348623157e+308,0,1.7976931348623157e+308,0
20211014,cu2111,72500.0,70150.0,70100.0,141888.0,70680.0,73630.0,70480.0,238137,85504049200.0,160719.0,1.7976931348623157e+308,1.7976931348623157e+308,75760.0,64530.0,0.0,1.7976931348623157e+308,20:34:12,0,359054.02856338996,20211013,72490.0,3,72500.0,4,1.7976931348623157e+308,0,1.7976931348623157e+308,0,1.7976931348623157e+308,0,1.7976931348623157e+308,0,1.7976931348623157e+308,0,1.7976931348623157e+308,0,1.7976931348623157e+308,0,1.7976931348623157e+308,0
20211014,cu2111,72470.0,70150.0,70100.0,141888.0,70680.0,73630.0,70480.0,238150,85508760450.0,160720.0,1.7976931348623157e+308,1.7976931348623157e+308,75760.0,64530.0,0.0,1.7976931348623157e+308,20:34:12,500,359054.21142137307,20211013,72470.0,27,72490.0,8,1.7976931348623157e+308,0,1.7976931348623157e+308,0,1.7976931348623157e+308,0,1.7976931348623157e+308,0,1.7976931348623157e+308,0,1.7976931348623157e+308,0,1.7976931348623157e+308,0,1.7976931348623157e+308,0
20211014,cu2111,72470.0,70150.0,70100.0,141888.0,70680.0,73630.0,70480.0,238150,85508760450.0,160720.0,1.7976931348623157e+308,1.7976931348623157e+308,75760.0,64530.0,0.0,1.7976931348623157e+308,20:34:13,0,359054.21142137307,20211013,72470.0,25,72490.0,8,1.7976931348623157e+308,0,1.7976931348623157e+308,0,1.7976931348623157e+308,0,1.7976931348623157e+308,0,1.7976931348623157e+308,0,1.7976931348623157e+308,0,1.7976931348623157e+308,0,1.7976931348623157e+308,0
20211014,cu2111,72490.0,70150.0,70100.0,141888.0,70680.0,73630.0,70480.0,238153,85509847800.0,160718.0,1.7976931348623157e+308,1.7976931348623157e+308,75760.0,64530.0,0.0,1.7976931348623157e+308,20:34:13,500,359054.25419793156,20211013,72480.0,3,72490.0,8,1.7976931348623157e+308,0,1.7976931348623157e+308,0,1.7976931348623157e+308,0,1.7976931348623157e+308,0,1.7976931348623157e+308,0,1.7976931348623157e+308,0,1.7976931348623157e+308,0,1.7976931348623157e+308,0
20211014,cu2111,72490.0,70150.0,70100.0,141888.0,70680.0,73630.0,70480.0,238155,85510572650.0,160717.0,1.7976931348623157e+308,1.7976931348623157e+308,75760.0,64530.0,0.0,1.7976931348623157e+308,20:34:14,0,359054.2825050912,20211013,72480.0,2,72490.0,7,1.7976931348623157e+308,0,1.7976931348623157e+308,0,1.7976931348623157e+308,0,1.7976931348623157e+308,0,1.7976931348623157e+308,0,1.7976931348623157e+308,0,1.7976931348623157e+308,0,1.7976931348623157e+308,0
20211014,cu2111,72500.0,70150.0,70100.0,141888.0,70680.0,73630.0,70480.0,238170,85516009200.0,160707.0,1.7976931348623157e+308,1.7976931348623157e+308,75760.0,64530.0,0.0,1.7976931348623157e+308,20:34:14,500,359054.4955284041,20211013,72490.0,19,72500.0,10,1.7976931348623157e+308,0,1.7976931348623157e+308,0,1.7976931348623157e+308,0,1.7976931348623157e+308,0,1.7976931348623157e+308,0,1.7976931348623157e+308,0,1.7976931348623157e+308,0,1.7976931348623157e+308,0
20211014,cu2111,72490.0,70150.0,70100.0,141888.0,70680.0,73630.0,70480.0,238177,85518546350.0,160700.0,1.7976931348623157e+308,1.7976931348623157e+308,75760.0,64530.0,0.0,1.7976931348623157e+308,20:34:15,0,359054.59532196645,20211013,72490.0,12,72500.0,17,1.7976931348623157e+308,0,1.7976931348623157e+308,0,1.7976931348623157e+308,0,1.7976931348623157e+308,0,1.7976931348623157e+308,0,1.7976931348623157e+308,0,1.7976931348623157e+308,0,1.7976931348623157e+308,0
20211014,cu2111,72490.0,70150.0,70100.0,141888.0,70680.0,73630.0,70480.0,238179,85519271250.0,160699.0,1.7976931348623157e+308,1.7976931348623157e+308,75760.0,64530.0,0.0,1.7976931348623157e+308,20:34:15,500,359054.6238333354,20211013,72490.0,11,72500.0,28,1.7976931348623157e+308,0,1.7976931348623157e+308,0,1.7976931348623157e+308,0,1.7976931348623157e+308,0,1.7976931348623157e+308,0,1.7976931348623157e+308,0,1.7976931348623157e+308,0,1.7976931348623157e+308,0
20211014,cu2111,72490.0,70150.0,70100.0,141888.0,70680.0,73630.0,70480.0,238183,85520721100.0,160696.0,1.7976931348623157e+308,1.7976931348623157e+308,75760.0,64530.0,0.0,1.7976931348623157e+308,20:34:16,0,359054.6810645596,20211013,72490.0,8,72500.0,27,1.7976931348623157e+308,0,1.7976931348623157e+308,0,1.7976931348623157e+308,0,1.7976931348623157e+308,0,1.7976931348623157e+308,0,1.7976931348623157e+308,0,1.7976931348623157e+308,0,1.7976931348623157e+308,0
20211014,cu2111,72490.0,70150.0,70100.0,141888.0,70680.0,73630.0,70480.0,238187,85522171000.0,160696.0,1.7976931348623157e+308,1.7976931348623157e+308,75760.0,64530.0,0.0,1.7976931348623157e+308,20:34:16,500,359054.7385037806,20211013,72490.0,6,72500.0,26,1.7976931348623157e+308,0,1.7976931348623157e+308,0,1.7976931348623157e+308,0,1.7976931348623157e+308,0,1.7976931348623157e+308,0,1.7976931348623157e+308,0,1.7976931348623157e+308,0,1.7976931348623157e+308,0
20211014,cu2111,72490.0,70150.0,70100.0,141888.0,70680.0,73630.0,70480.0,238193,85524345750.0,160692.0,1.7976931348623157e+308,1.7976931348623157e+308,75760.0,64530.0,0.0,1.7976931348623157e+308,20:34:17,0,359054.8242391674,20211013,72490.0,2,72500.0,34,1.7976931348623157e+308,0,1.7976931348623157e+308,0,1.7976931348623157e+308,0,1.7976931348623157e+308,0,1.7976931348623157e+308,0,1.7976931348623157e+308,0,1.7976931348623157e+308,0,1.7976931348623157e+308,0
20211014,cu2111,72490.0,70150.0,70100.0,141888.0,70680.0,73630.0,70480.0,238194,85524708200.0,160692.0,1.7976931348623157e+308,1.7976931348623157e+308,75760.0,64530.0,0.0,1.7976931348623157e+308,20:34:17,500,359054.8384929931,20211013,72490.0,2,72500.0,35,1.7976931348623157e+308,0,1.7976931348623157e+308,0,1.7976931348623157e+308,0,1.7976931348623157e+308,0,1.7976931348623157e+308,0,1.7976931348623157e+308,0,1.7976931348623157e+308,0,1.7976931348623157e+308,0
20211014,cu2111,72490.0,70150.0,70100.0,141888.0,70680.0,73630.0,70480.0,238198,85526158000.0,160692.0,1.7976931348623157e+308,1.7976931348623157e+308,75760.0,64530.0,0.0,1.7976931348623157e+308,20:34:18,0,359054.89550709917,20211013,72480.0,7,72500.0,35,1.7976931348623157e+308,0,1.7976931348623157e+308,0,1.7976931348623157e+308,0,1.7976931348623157e+308,0,1.7976931348623157e+308,0,1.7976931348623157e+308,0,1.7976931348623157e+308,0,1.7976931348623157e+308,0
20211014,cu2111,72500.0,70150.0,70100.0,141888.0,70680.0,73630.0,70480.0,238200,85526883000.0,160692.0,1.7976931348623157e+308,1.7976931348623157e+308,75760.0,64530.0,0.0,1.7976931348623157e+308,20:34:18,500,359054.9244332494,20211013,72490.0,1,72500.0,33,1.7976931348623157e+308,0,1.7976931348623157e+308,0,1.7976931348623157e+308,0,1.7976931348623157e+308,0,1.7976931348623157e+308,0,1.7976931348623157e+308,0,1.7976931348623157e+308,0,1.7976931348623157e+308,0
20211014,cu2111,72500.0,70150.0,70100.0,141888.0,70680.0,73630.0,70480.0,238202,85527607950.0,160691.0,1.7976931348623157e+308,1.7976931348623157e+308,75760.0,64530.0,0.0,1.7976931348623157e+308,20:34:19,0,359054.953149008,20211013,72480.0,8,72500.0,27,1.7976931348623157e+308,0,1.7976931348623157e+308,0,1.7976931348623157e+308,0,1.7976931348623157e+308,0,1.7976931348623157e+308,0,1.7976931348623157e+308,0,1.7976931348623157e+308,0,1.7976931348623157e+308,0
20211014,cu2111,72500.0,70150.0,70100.0,141888.0,70680.0,73630.0,70480.0,238204,85528332850.0,160690.0,1.7976931348623157e+308,1.7976931348623157e+308,75760.0,64530.0,0.0,1.7976931348623157e+308,20:34:19,500,359054.9816543803,20211013,72480.0,9,72500.0,23,1.7976931348623157e+308,0,1.7976931348623157e+308,0,1.7976931348623157e+308,0,1.7976931348623157e+308,0,1.7976931348623157e+308,0,1.7976931348623157e+308,0,1.7976931348623157e+308,0,1.7976931348623157e+308,0
20211014,cu2111,72500.0,70150.0,70100.0,141888.0,70680.0,73630.0,70480.0,238210,85530507850.0,160689.0,1.7976931348623157e+308,1.7976931348623157e+308,75760.0,64530.0,0.0,1.7976931348623157e+308,20:34:20,0,359055.0684270182,20211013,72490.0,2,72500.0,17,1.7976931348623157e+308,0,1.7976931348623157e+308,0,1.7976931348623157e+308,0,1.7976931348623157e+308,0,1.7976931348623157e+308,0,1.7976931348623157e+308,0,1.7976931348623157e+308,0,1.7976931348623157e+308,0
20211014,cu2111,72500.0,70150.0,70100.0,141888.0,70680.0,73630.0,70480.0,238213,85531595350.0,160687.0,1.7976931348623157e+308,1.7976931348623157e+308,75760.0,64530.0,0.0,1.7976931348623157e+308,20:34:20,500,359055.11181169795,20211013,72490.0,2,72500.0,27,1.7976931348623157e+308,0,1.7976931348623157e+308,0,1.7976931348623157e+308,0,1.7976931348623157e+308,0,1.7976931348623157e+308,0,1.7976931348623157e+308,0,1.7976931348623157e+308,0,1.7976931348623157e+308,0
20211014,cu2111,72500.0,70150.0,70100.0,141888.0,70680.0,73630.0,70480.0,238214,85531957850.0,160688.0,1.7976931348623157e+308,1.7976931348623157e+308,75760.0,64530.0,0.0,1.7976931348623157e+308,20:34:21,0,359055.12627301505,20211013,72490.0,5,72500.0,21,1.7976931348623157e+308,0,1.7976931348623157e+308,0,1.7976931348623157e+308,0,1.7976931348623157e+308,0,1.7976931348623157e+308,0,1.7976931348623157e+308,0,1.7976931348623157e+308,0,1.7976931348623157e+308,0
20211014,cu2111,72480.0,70150.0,70100.0,141888.0,70680.0,73630.0,70480.0,238230,85537756500.0,160679.0,1.7976931348623157e+308,1.7976931348623157e+308,75760.0,64530.0,0.0,1.7976931348623157e+308,20:34:21,500,359055.35197078454,20211013,72470.0,46,72480.0,34,1.7976931348623157e+308,0,1.7976931348623157e+308,0,1.7976931348623157e+308,0,1.7976931348623157e+308,0,1.7976931348623157e+308,0,1.7976931348623157e+308,0,1.7976931348623157e+308,0,1.7976931348623157e+308,0
20211014,cu2111,72480.0,70150.0,70100.0,141888.0,70680.0,73630.0,70480.0,238275,85554064500.0,160650.0,1.7976931348623157e+308,1.7976931348623157e+308,75760.0,64530.0,0.0,1.7976931348623157e+308,20:34:22,0,359055.98363235756,20211013,72470.0,48,72490.0,2,1.7976931348623157e+308,0,1.7976931348623157e+308,0,1.7976931348623157e+308,0,1.7976931348623157e+308,0,1.7976931348623157e+308,0,1.7976931348623157e+308,0,1.7976931348623157e+308,0,1.7976931348623157e+308,0
20211014,cu2111,72490.0,70150.0,70100.0,141888.0,70680.0,73630.0,70480.0,238278,85555151850.0,160650.0,1.7976931348623157e+308,1.7976931348623157e+308,75760.0,64530.0,0.0,1.7976931348623157e+308,20:34:22,500,359056.02636416286,20211013,72490.0,1,72500.0,13,1.7976931348623157e+308,0,1.7976931348623157e+308,0,1.7976931348623157e+308,0,1.7976931348623157e+308,0,1.7976931348623157e+308,0,1.7976931348623157e+308,0,1.7976931348623157e+308,0,1.7976931348623157e+308,0
20211014,cu2111,72490.0,70150.0,70100.0,141888.0,70680.0,73630.0,70480.0,238278,85555151850.0,160650.0,1.7976931348623157e+308,1.7976931348623157e+308,75760.0,64530.0,0.0,1.7976931348623157e+308,20:34:23,0,359056.02636416286,20211013,72490.0,21,72500.0,12,1.7976931348623157e+308,0,1.7976931348623157e+308,0,1.7976931348623157e+308,0,1.7976931348623157e+308,0,1.7976931348623157e+308,0,1.7976931348623157e+308,0,1.7976931348623157e+308,0,1.7976931348623157e+308,0
20211014,cu2111,72500.0,70150.0,70100.0,141888.0,70680.0,73630.0,70480.0,238284,85557326850.0,160654.0,1.7976931348623157e+308,1.7976931348623157e+308,75760.0,64530.0,0.0,1.7976931348623157e+308,20:34:23,500,359056.1130835474,20211013,72490.0,21,72500.0,5,1.7976931348623157e+308,0,1.7976931348623157e+308,0,1.7976931348623157e+308,0,1.7976931348623157e+308,0,1.7976931348623157e+308,0,1.7976931348623157e+308,0,1.7976931348623157e+308,0,1.7976931348623157e+308,0
20211014,cu2111,72500.0,70150.0,70100.0,141888.0,70680.0,73630.0,70480.0,238284,85557326850.0,160654.0,1.7976931348623157e+308,1.7976931348623157e+308,75760.0,64530.0,0.0,1.7976931348623157e+308,20:34:24,0,359056.1130835474,20211013,72490.0,22,72500.0,7,1.7976931348623157e+308,0,1.7976931348623157e+308,0,1.7976931348623157e+308,0,1.7976931348623157e+308,0,1.7976931348623157e+308,0,1.7976931348623157e+308,0,1.7976931348623157e+308,0,1.7976931348623157e+308,0
20211014,cu2111,72490.0,70150.0,70100.0,141888.0,70680.0,73630.0,70480.0,238287,85558414250.0,160652.0,1.7976931348623157e+308,1.7976931348623157e+308,75760.0,64530.0,0.0,1.7976931348623157e+308,20:34:24,500,359056.15602193994,20211013,72490.0,20,72500.0,4,1.7976931348623157e+308,0,1.7976931348623157e+308,0,1.7976931348623157e+308,0,1.7976931348623157e+308,0,1.7976931348623157e+308,0,1.7976931348623157e+308,0,1.7976931348623157e+308,0,1.7976931348623157e+308,0
20211014,cu2111,72500.0,70150.0,70100.0,141888.0,70680.0,73630.0,70480.0,238289,85559139250.0,160651.0,1.7976931348623157e+308,1.7976931348623157e+308,75760.0,64530.0,0.0,1.7976931348623157e+308,20:34:25,0,359056.18492670666,20211013,72490.0,20,72500.0,3,1.7976931348623157e+308,0,1.7976931348623157e+308,0,1.7976931348623157e+308,0,1.7976931348623157e+308,0,1.7976931348623157e+308,0,1.7976931348623157e+308,0,1.7976931348623157e+308,0,1.7976931348623157e+308,0
20211014,cu2111,72490.0,70150.0,70100.0,141888.0,70680.0,73630.0,70480.0,238303,85564213550.0,160637.0,1.7976931348623157e+308,1.7976931348623157e+308,75760.0,64530.0,0.0,1.7976931348623157e+308,20:34:25,500,359056.3843090519,20211013,72490.0,7,72500.0,9,1.7976931348623157e+308,0,1.7976931348623157e+308,0,1.7976931348623157e+308,0,1.7976931348623157e+308,0,1.7976931348623157e+308,0,1.7976931348623157e+308,0,1.7976931348623157e+308,0,1.7976931348623157e+308,0
20211014,cu2111,72490.0,70150.0,70100.0,141888.0,70680.0,73630.0,70480.0,238303,85564213550.0,160637.0,1.7976931348623157e+308,1.7976931348623157e+308,75760.0,64530.0,0.0,1.7976931348623157e+308,20:34:26,0,359056.3843090519,20211013,72490.0,10,72500.0,14,1.7976931348623157e+308,0,1.7976931348623157e+308,0,1.7976931348623157e+308,0,1.7976931348623157e+308,0,1.7976931348623157e+308,0,1.7976931348623157e+308,0,1.7976931348623157e+308,0,1.7976931348623157e+308,0
20211014,cu2111,72500.0,70150.0,70100.0,141888.0,70680.0,73630.0,70480.0,238305,85564938550.0,160638.0,1.7976931348623157e+308,1.7976931348623157e+308,75760.0,64530.0,0.0,1.7976931348623157e+308,20:34:26,500,359056.413209962,20211013,72490.0,10,72500.0,15,1.7976931348623157e+308,0,1.7976931348623157e+308,0,1.7976931348623157e+308,0,1.7976931348623157e+308,0,1.7976931348623157e+308,0,1.7976931348623157e+308,0,1.7976931348623157e+308,0,1.7976931348623157e+308,0
20211014,cu2111,72500.0,70150.0,70100.0,141888.0,70680.0,73630.0,70480.0,238307,85565663550.0,160638.0,1.7976931348623157e+308,1.7976931348623157e+308,75760.0,64530.0,0.0,1.7976931348623157e+308,20:34:27,0,359056.442110387,20211013,72490.0,17,72500.0,15,1.7976931348623157e+308,0,1.7976931348623157e+308,0,1.7976931348623157e+308,0,1.7976931348623157e+308,0,1.7976931348623157e+308,0,1.7976931348623157e+308,0,1.7976931348623157e+308,0,1.7976931348623157e+308,0
20211014,cu2111,72490.0,70150.0,70100.0,141888.0,70680.0,73630.0,70480.0,238334,85575450500.0,160638.0,1.7976931348623157e+308,1.7976931348623157e+308,75760.0,64530.0,0.0,1.7976931348623157e+308,20:34:27,500,359056.8299109653,20211013,72490.0,3,72510.0,38,1.7976931348623157e+308,0,1.7976931348623157e+308,0,1.7976931348623157e+308,0,1.7976931348623157e+308,0,1.7976931348623157e+308,0,1.7976931348623157e+308,0,1.7976931348623157e+308,0,1.7976931348623157e+308,0
20211014,cu2111,72490.0,70150.0,70100.0,141888.0,70680.0,73630.0,70480.0,238334,85575450500.0,160638.0,1.7976931348623157e+308,1.7976931348623157e+308,75760.0,64530.0,0.0,1.7976931348623157e+308,20:34:28,0,359056.8299109653,20211013,72490.0,5,72510.0,38,1.7976931348623157e+308,0,1.7976931348623157e+308,0,1.7976931348623157e+308,0,1.7976931348623157e+308,0,1.7976931348623157e+308,0,1.7976931348623157e+308,0,1.7976931348623157e+308,0,1.7976931348623157e+308,0
20211014,cu2111,72490.0,70150.0,70100.0,141888.0,70680.0,73630.0,70480.0,238340,85577625200.0,160633.0,1.7976931348623157e+308,1.7976931348623157e+308,75760.0,64530.0,0.0,1.7976931348623157e+308,20:34:28,500,359056.9153310397,20211013,72480.0,30,72510.0,37,1.7976931348623157e+308,0,1.7976931348623157e+308,0,1.7976931348623157e+308,0,1.7976931348623157e+308,0,1.7976931348623157e+308,0,1.7976931348623157e+308,0,1.7976931348623157e+308,0,1.7976931348623157e+308,0
20211014,cu2111,72510.0,70150.0,70100.0,141888.0,70680.0,73630.0,70480.0,238356,85583423750.0,160648.0,1.7976931348623157e+308,1.7976931348623157e+308,75760.0,64530.0,0.0,1.7976931348623157e+308,20:34:29,0,359057.1403698669,20211013,72480.0,18,72510.0,36,1.7976931348623157e+308,0,1.7976931348623157e+308,0,1.7976931348623157e+308,0,1.7976931348623157e+308,0,1.7976931348623157e+308,0,1.7976931348623157e+308,0,1.7976931348623157e+308,0,1.7976931348623157e+308,0
20211014,cu2111,72510.0,70150.0,70100.0,141888.0,70680.0,73630.0,70480.0,238369,85588136750.0,160660.0,1.7976931348623157e+308,1.7976931348623157e+308,75760.0,64530.0,0.0,1.7976931348623157e+308,20:34:30,0,359057.33023169957,20211013,72500.0,1,72510.0,24,1.7976931348623157e+308,0,1.7976931348623157e+308,0,1.7976931348623157e+308,0,1.7976931348623157e+308,0,1.7976931348623157e+308,0,1.7976931348623157e+308,0,1.7976931348623157e+308,0,1.7976931348623157e+308,0
20211014,cu2111,72510.0,70150.0,70100.0,141888.0,70680.0,73630.0,70480.0,238370,85588499300.0,160661.0,1.7976931348623157e+308,1.7976931348623157e+308,75760.0,64530.0,0.0,1.7976931348623157e+308,20:34:30,500,359057.34488400386,20211013,72500.0,2,72510.0,21,1.7976931348623157e+308,0,1.7976931348623157e+308,0,1.7976931348623157e+308,0,1.7976931348623157e+308,0,1.7976931348623157e+308,0,1.7976931348623157e+308,0,1.7976931348623157e+308,0,1.7976931348623157e+308,0
20211014,cu2111,72510.0,70150.0,70100.0,141888.0,70680.0,73630.0,70480.0,238376,85590674550.0,160664.0,1.7976931348623157e+308,1.7976931348623157e+308,75760.0,64530.0,0.0,1.7976931348623157e+308,20:34:31,500,359057.4325854952,20211013,72500.0,1,72510.0,16,1.7976931348623157e+308,0,1.7976931348623157e+308,0,1.7976931348623157e+308,0,1.7976931348623157e+308,0,1.7976931348623157e+308,0,1.7976931348623157e+308,0,1.7976931348623157e+308,0,1.7976931348623157e+308,0
20211014,cu2111,72490.0,70150.0,70100.0,141888.0,70680.0,73630.0,70480.0,238379,85591762050.0,160664.0,1.7976931348623157e+308,1.7976931348623157e+308,75760.0,64530.0,0.0,1.7976931348623157e+308,20:34:32,0,359057.4759102102,20211013,72500.0,3,72510.0,15,1.7976931348623157e+308,0,1.7976931348623157e+308,0,1.7976931348623157e+308,0,1.7976931348623157e+308,0,1.7976931348623157e+308,0,1.7976931348623157e+308,0,1.7976931348623157e+308,0,1.7976931348623157e+308,0
20211014,cu2111,72510.0,70150.0,70100.0,141888.0,70680.0,73630.0,70480.0,238384,85593574750.0,160668.0,1.7976931348623157e+308,1.7976931348623157e+308,75760.0,64530.0,0.0,1.7976931348623157e+308,20:34:32,500,359057.5489546278,20211013,72500.0,2,72510.0,11,1.7976931348623157e+308,0,1.7976931348623157e+308,0,1.7976931348623157e+308,0,1.7976931348623157e+308,0,1.7976931348623157e+308,0,1.7976931348623157e+308,0,1.7976931348623157e+308,0,1.7976931348623157e+308,0
20211014,cu2111,72510.0,70150.0,70100.0,141888.0,70680.0,73630.0,70480.0,238385,85593937300.0,160669.0,1.7976931348623157e+308,1.7976931348623157e+308,75760.0,64530.0,0.0,1.7976931348623157e+308,20:34:33,0,359057.5636050926,20211013,72500.0,3,72510.0,10,1.7976931348623157e+308,0,1.7976931348623157e+308,0,1.7976931348623157e+308,0,1.7976931348623157e+308,0,1.7976931348623157e+308,0,1.7976931348623157e+308,0,1.7976931348623157e+308,0,1.7976931348623157e+308,0
20211014,cu2111,72510.0,70150.0,70100.0,141888.0,70680.0,73630.0,70480.0,238392,85596475150.0,160673.0,1.7976931348623157e+308,1.7976931348623157e+308,75760.0,64530.0,0.0,1.7976931348623157e+308,20:34:33,500,359057.6661549045,20211013,72500.0,9,72510.0,3,1.7976931348623157e+308,0,1.7976931348623157e+308,0,1.7976931348623157e+308,0,1.7976931348623157e+308,0,1.7976931348623157e+308,0,1.7976931348623157e+308,0,1.7976931348623157e+308,0,1.7976931348623157e+308,0
20211014,cu2111,72500.0,70150.0,70100.0,141888.0,70680.0,73630.0,70480.0,238410,85603000850.0,160671.0,1.7976931348623157e+308,1.7976931348623157e+308,75760.0,64530.0,0.0,1.7976931348623157e+308,20:34:34,0,359057.928987878,20211013,72500.0,2,72520.0,52,1.7976931348623157e+308,0,1.7976931348623157e+308,0,1.7976931348623157e+308,0,1.7976931348623157e+308,0,1.7976931348623157e+308,0,1.7976931348623157e+308,0,1.7976931348623157e+308,0,1.7976931348623157e+308,0
20211014,cu2111,72500.0,70150.0,70100.0,141888.0,70680.0,73630.0,70480.0,238414,85604450850.0,160667.0,1.7976931348623157e+308,1.7976931348623157e+308,75760.0,64530.0,0.0,1.7976931348623157e+308,20:34:34,500,359057.98673735606,20211013,72500.0,6,72520.0,52,1.7976931348623157e+308,0,1.7976931348623157e+308,0,1.7976931348623157e+308,0,1.7976931348623157e+308,0,1.7976931348623157e+308,0,1.7976931348623157e+308,0,1.7976931348623157e+308,0,1.7976931348623157e+308,0
20211014,cu2111,72510.0,70150.0,70100.0,141888.0,70680.0,73630.0,70480.0,238415,85604813400.0,160667.0,1.7976931348623157e+308,1.7976931348623157e+308,75760.0,64530.0,0.0,1.7976931348623157e+308,20:34:35,0,359058.0013841411,20211013,72500.0,7,72510.0,2,1.7976931348623157e+308,0,1.7976931348623157e+308,0,1.7976931348623157e+308,0,1.7976931348623157e+308,0,1.7976931348623157e+308,0,1.7976931348623157e+308,0,1.7976931348623157e+308,0,1.7976931348623157e+308,0
20211014,cu2111,72500.0,70150.0,70100.0,141888.0,70680.0,73630.0,70480.0,238427,85609163400.0,160671.0,1.7976931348623157e+308,1.7976931348623157e+308,75760.0,64530.0,0.0,1.7976931348623157e+308,20:34:35,500,359058.1746194852,20211013,72490.0,11,72510.0,3,1.7976931348623157e+308,0,1.7976931348623157e+308,0,1.7976931348623157e+308,0,1.7976931348623157e+308,0,1.7976931348623157e+308,0,1.7976931348623157e+308,0,1.7976931348623157e+308,0,1.7976931348623157e+308,0
20211014,cu2111,72510.0,70150.0,70100.0,141888.0,70680.0,73630.0,70480.0,238431,85610613550.0,160672.0,1.7976931348623157e+308,1.7976931348623157e+308,75760.0,64530.0,0.0,1.7976931348623157e+308,20:34:36,0,359058.2329898377,20211013,72500.0,1,72510.0,10,1.7976931348623157e+308,0,1.7976931348623157e+308,0,1.7976931348623157e+308,0,1.7976931348623157e+308,0,1.7976931348623157e+308,0,1.7976931348623157e+308,0,1.7976931348623157e+308,0,1.7976931348623157e+308,0
20211014,cu2111,72500.0,70150.0,70100.0,141888.0,70680.0,73630.0,70480.0,238433,85611338550.0,160671.0,1.7976931348623157e+308,1.7976931348623157e+308,75760.0,64530.0,0.0,1.7976931348623157e+308,20:34:36,500,359058.2618597258,20211013,72500.0,5,72510.0,11,1.7976931348623157e+308,0,1.7976931348623157e+308,0,1.7976931348623157e+308,0,1.7976931348623157e+308,0,1.7976931348623157e+308,0,1.7976931348623157e+308,0,1.7976931348623157e+308,0,1.7976931348623157e+308,0
20211014,cu2111,72500.0,70150.0,70100.0,141888.0,70680.0,73630.0,70480.0,238433,85611338550.0,160671.0,1.7976931348623157e+308,1.7976931348623157e+308,75760.0,64530.0,0.0,1.7976931348623157e+308,20:34:37,0,359058.2618597258,20211013,72500.0,10,72510.0,13,1.7976931348623157e+308,0,1.7976931348623157e+308,0,1.7976931348623157e+308,0,1.7976931348623157e+308,0,1.7976931348623157e+308,0,1.7976931348623157e+308,0,1.7976931348623157e+308,0,1.7976931348623157e+308,0
20211014,cu2111,72500.0,70150.0,70100.0,141888.0,70680.0,73630.0,70480.0,238434,85611701050.0,160671.0,1.7976931348623157e+308,1.7976931348623157e+308,75760.0,64530.0,0.0,1.7976931348623157e+308,20:34:37,500,359058.2762944882,20211013,72500.0,9,72510.0,28,1.7976931348623157e+308,0,1.7976931348623157e+308,0,1.7976931348623157e+308,0,1.7976931348623157e+308,0,1.7976931348623157e+308,0,1.7976931348623157e+308,0,1.7976931348623157e+308,0,1.7976931348623157e+308,0
20211014,cu2111,72510.0,70150.0,70100.0,141888.0,70680.0,73630.0,70480.0,238440,85613876300.0,160677.0,1.7976931348623157e+308,1.7976931348623157e+308,75760.0,64530.0,0.0,1.7976931348623157e+308,20:34:38,0,359058.3639490018,20211013,72500.0,8,72510.0,23,1.7976931348623157e+308,0,1.7976931348623157e+308,0,1.7976931348623157e+308,0,1.7976931348623157e+308,0,1.7976931348623157e+308,0,1.7976931348623157e+308,0,1.7976931348623157e+308,0,1.7976931348623157e+308,0
20211014,cu2111,72490.0,70150.0,70100.0,141888.0,70680.0,73630.0,70480.0,238477,85627288000.0,160691.0,1.7976931348623157e+308,1.7976931348623157e+308,75760.0,64530.0,0.0,1.7976931348623157e+308,20:34:38,500,359058.89456844894,20211013,72480.0,26,72490.0,17,1.7976931348623157e+308,0,1.7976931348623157e+308,0,1.7976931348623157e+308,0,1.7976931348623157e+308,0,1.7976931348623157e+308,0,1.7976931348623157e+308,0,1.7976931348623157e+308,0,1.7976931348623157e+308,0
20211014,cu2111,72490.0,70150.0,70100.0,141888.0,70680.0,73630.0,70480.0,238501,85635986800.0,160702.0,1.7976931348623157e+308,1.7976931348623157e+308,75760.0,64530.0,0.0,1.7976931348623157e+308,20:34:39,0,359059.23581033206,20211013,72480.0,31,72490.0,7,1.7976931348623157e+308,0,1.7976931348623157e+308,0,1.7976931348623157e+308,0,1.7976931348623157e+308,0,1.7976931348623157e+308,0,1.7976931348623157e+308,0,1.7976931348623157e+308,0,1.7976931348623157e+308,0
20211014,cu2111,72490.0,70150.0,70100.0,141888.0,70680.0,73630.0,70480.0,238507,85638161500.0,160704.0,1.7976931348623157e+308,1.7976931348623157e+308,75760.0,64530.0,0.0,1.7976931348623157e+308,20:34:39,500,359059.32111007225,20211013,72480.0,28,72490.0,1,1.7976931348623157e+308,0,1.7976931348623157e+308,0,1.7976931348623157e+308,0,1.7976931348623157e+308,0,1.7976931348623157e+308,0,1.7976931348623157e+308,0,1.7976931348623157e+308,0,1.7976931348623157e+308,0
20211014,cu2111,72490.0,70150.0,70100.0,141888.0,70680.0,73630.0,70480.0,238507,85638161500.0,160704.0,1.7976931348623157e+308,1.7976931348623157e+308,75760.0,64530.0,0.0,1.7976931348623157e+308,20:34:40,0,359059.32111007225,20211013,72480.0,29,72490.0,1,1.7976931348623157e+308,0,1.7976931348623157e+308,0,1.7976931348623157e+308,0,1.7976931348623157e+308,0,1.7976931348623157e+308,0,1.7976931348623157e+308,0,1.7976931348623157e+308,0,1.7976931348623157e+308,0
20211014,cu2111,72490.0,70150.0,70100.0,141888.0,70680.0,73630.0,70480.0,238509,85638886400.0,160706.0,1.7976931348623157e+308,1.7976931348623157e+308,75760.0,64530.0,0.0,1.7976931348623157e+308,20:34:40,500,359059.3495423653,20211013,72490.0,10,72500.0,4,1.7976931348623157e+308,0,1.7976931348623157e+308,0,1.7976931348623157e+308,0,1.7976931348623157e+308,0,1.7976931348623157e+308,0,1.7976931348623157e+308,0,1.7976931348623157e+308,0,1.7976931348623157e+308,0
20211014,cu2111,72500.0,70150.0,70100.0,141888.0,70680.0,73630.0,70480.0,238511,85639611400.0,160708.0,1.7976931348623157e+308,1.7976931348623157e+308,75760.0,64530.0,0.0,1.7976931348623157e+308,20:34:41,0,359059.37839344935,20211013,72490.0,11,72500.0,2,1.7976931348623157e+308,0,1.7976931348623157e+308,0,1.7976931348623157e+308,0,1.7976931348623157e+308,0,1.7976931348623157e+308,0,1.7976931348623157e+308,0,1.7976931348623157e+308,0,1.7976931348623157e+308,0
20211014,cu2111,72500.0,70150.0,70100.0,141888.0,70680.0,73630.0,70480.0,238513,85640336350.0,160708.0,1.7976931348623157e+308,1.7976931348623157e+308,75760.0,64530.0,0.0,1.7976931348623157e+308,20:34:41,500,359059.40703441744,20211013,72490.0,13,72500.0,1,1.7976931348623157e+308,0,1.7976931348623157e+308,0,1.7976931348623157e+308,0,1.7976931348623157e+308,0,1.7976931348623157e+308,0,1.7976931348623157e+308,0,1.7976931348623157e+308,0,1.7976931348623157e+308,0
20211014,cu2111,72490.0,70150.0,70100.0,141888.0,70680.0,73630.0,70480.0,238518,85642148700.0,160709.0,1.7976931348623157e+308,1.7976931348623157e+308,75760.0,64530.0,0.0,1.7976931348623157e+308,20:34:42,0,359059.47852992226,20211013,72490.0,12,72510.0,17,1.7976931348623157e+308,0,1.7976931348623157e+308,0,1.7976931348623157e+308,0,1.7976931348623157e+308,0,1.7976931348623157e+308,0,1.7976931348623157e+308,0,1.7976931348623157e+308,0,1.7976931348623157e+308,0
20211014,cu2111,72490.0,70150.0,70100.0,141888.0,70680.0,73630.0,70480.0,238518,85642148700.0,160709.0,1.7976931348623157e+308,1.7976931348623157e+308,75760.0,64530.0,0.0,1.7976931348623157e+308,20:34:42,500,359059.47852992226,20211013,72500.0,20,72510.0,16,1.7976931348623157e+308,0,1.7976931348623157e+308,0,1.7976931348623157e+308,0,1.7976931348623157e+308,0,1.7976931348623157e+308,0,1.7976931348623157e+308,0,1.7976931348623157e+308,0,1.7976931348623157e+308,0
20211014,cu2111,72510.0,70150.0,70100.0,141888.0,70680.0,73630.0,70480.0,238519,85642511250.0,160709.0,1.7976931348623157e+308,1.7976931348623157e+308,75760.0,64530.0,0.0,1.7976931348623157e+308,20:34:43,0,359059.4931640666,20211013,72500.0,23,72510.0,15,1.7976931348623157e+308,0,1.7976931348623157e+308,0,1.7976931348623157e+308,0,1.7976931348623157e+308,0,1.7976931348623157e+308,0,1.7976931348623157e+308,0,1.7976931348623157e+308,0,1.7976931348623157e+308,0
20211014,cu2111,72510.0,70150.0,70100.0,141888.0,70680.0,73630.0,70480.0,238521,85643236300.0,160710.0,1.7976931348623157e+308,1.7976931348623157e+308,75760.0,64530.0,0.0,1.7976931348623157e+308,20:34:43,500,359059.522222362,20211013,72500.0,22,72510.0,14,1.7976931348623157e+308,0,1.7976931348623157e+308,0,1.7976931348623157e+308,0,1.7976931348623157e+308,0,1.7976931348623157e+308,0,1.7976931348623157e+308,0,1.7976931348623157e+308,0,1.7976931348623157e+308,0
20211014,cu2111,72510.0,70150.0,70100.0,141888.0,70680.0,73630.0,70480.0,238521,85643236300.0,160710.0,1.7976931348623157e+308,1.7976931348623157e+308,75760.0,64530.0,0.0,1.7976931348623157e+308,20:34:44,0,359059.522222362,20211013,72500.0,25,72510.0,15,1.7976931348623157e+308,0,1.7976931348623157e+308,0,1.7976931348623157e+308,0,1.7976931348623157e+308,0,1.7976931348623157e+308,0,1.7976931348623157e+308,0,1.7976931348623157e+308,0,1.7976931348623157e+308,0
20211014,cu2111,72500.0,70150.0,70100.0,141888.0,70680.0,73630.0,70480.0,238523,85643961350.0,160709.0,1.7976931348623157e+308,1.7976931348623157e+308,75760.0,64530.0,0.0,1.7976931348623157e+308,20:34:44,500,359059.55128017004,20211013,72500.0,24,72510.0,15,1.7976931348623157e+308,0,1.7976931348623157e+308,0,1.7976931348623157e+308,0,1.7976931348623157e+308,0,1.7976931348623157e+308,0,1.7976931348623157e+308,0,1.7976931348623157e+308,0,1.7976931348623157e+308,0
20211014,cu2111,72500.0,70150.0,70100.0,141888.0,70680.0,73630.0,70480.0,238560,85657374450.0,160727.0,1.7976931348623157e+308,1.7976931348623157e+308,75760.0,64530.0,0.0,1.7976931348623157e+308,20:34:45,0,359060.0873993964,20211013,72490.0,11,72500.0,5,1.7976931348623157e+308,0,1.7976931348623157e+308,0,1.7976931348623157e+308,0,1.7976931348623157e+308,0,1.7976931348623157e+308,0,1.7976931348623157e+308,0,1.7976931348623157e+308,0,1.7976931348623157e+308,0
20211014,cu2111,72500.0,70150.0,70100.0,141888.0,70680.0,73630.0,70480.0,238566,85659549450.0,160728.0,1.7976931348623157e+308,1.7976931348623157e+308,75760.0,64530.0,0.0,1.7976931348623157e+308,20:34:45,500,359060.17391413695,20211013,72500.0,3,72510.0,4,1.7976931348623157e+308,0,1.7976931348623157e+308,0,1.7976931348623157e+308,0,1.7976931348623157e+308,0,1.7976931348623157e+308,0,1.7976931348623157e+308,0,1.7976931348623157e+308,0,1.7976931348623157e+308,0
20211014,cu2111,72510.0,70150.0,70100.0,141888.0,70680.0,73630.0,70480.0,238568,85660274550.0,160729.0,1.7976931348623157e+308,1.7976931348623157e+308,75760.0,64530.0,0.0,1.7976931348623157e+308,20:34:46,0,359060.2031705845,20211013,72500.0,4,72510.0,2,1.7976931348623157e+308,0,1.7976931348623157e+308,0,1.7976931348623157e+308,0,1.7976931348623157e+308,0,1.7976931348623157e+308,0,1.7976931348623157e+308,0,1.7976931348623157e+308,0,1.7976931348623157e+308,0
20211014,cu2111,72510.0,70150.0,70100.0,141888.0,70680.0,73630.0,70480.0,238580,85664624700.0,160737.0,1.7976931348623157e+308,1.7976931348623157e+308,75760.0,64530.0,0.0,1.7976931348623157e+308,20:34:46,500,359060.37681280915,20211013,72510.0,1,72520.0,54,1.7976931348623157e+308,0,1.7976931348623157e+308,0,1.7976931348623157e+308,0,1.7976931348623157e+308,0,1.7976931348623157e+308,0,1.7976931348623157e+308,0,1.7976931348623157e+308,0,1.7976931348623157e+308,0
20211014,cu2111,72510.0,70150.0,70100.0,141888.0,70680.0,73630.0,70480.0,238586,85666799800.0,160737.0,1.7976931348623157e+308,1.7976931348623157e+308,75760.0,64530.0,0.0,1.7976931348623157e+308,20:34:47,0,359060.4637321553,20211013,72490.0,9,72510.0,1,1.7976931348623157e+308,0,1.7976931348623157e+308,0,1.7976931348623157e+308,0,1.7976931348623157e+308,0,1.7976931348623157e+308,0,1.7976931348623157e+308,0,1.7976931348623157e+308,0,1.7976931348623157e+308,0
20211014,cu2111,72510.0,70150.0,70100.0,141888.0,70680.0,73630.0,70480.0,238587,85667162350.0,160737.0,1.7976931348623157e+308,1.7976931348623157e+308,75760.0,64530.0,0.0,1.7976931348623157e+308,20:34:47,500,359060.4783579994,20211013,72490.0,9,72500.0,6,1.7976931348623157e+308,0,1.7976931348623157e+308,0,1.7976931348623157e+308,0,1.7976931348623157e+308,0,1.7976931348623157e+308,0,1.7976931348623157e+308,0,1.7976931348623157e+308,0,1.7976931348623157e+308,0
20211014,cu2111,72510.0,70150.0,70100.0,141888.0,70680.0,73630.0,70480.0,238587,85667162350.0,160737.0,1.7976931348623157e+308,1.7976931348623157e+308,75760.0,64530.0,0.0,1.7976931348623157e+308,20:34:48,0,359060.4783579994,20211013,72490.0,11,72500.0,7,1.7976931348623157e+308,0,1.7976931348623157e+308,0,1.7976931348623157e+308,0,1.7976931348623157e+308,0,1.7976931348623157e+308,0,1.7976931348623157e+308,0,1.7976931348623157e+308,0,1.7976931348623157e+308,0
20211014,cu2111,72500.0,70150.0,70100.0,141888.0,70680.0,73630.0,70480.0,238589,85667887300.0,160737.0,1.7976931348623157e+308,1.7976931348623157e+308,75760.0,64530.0,0.0,1.7976931348623157e+308,20:34:48,500,359060.5069806236,20211013,72490.0,11,72500.0,7,1.7976931348623157e+308,0,1.7976931348623157e+308,0,1.7976931348623157e+308,0,1.7976931348623157e+308,0,1.7976931348623157e+308,0,1.7976931348623157e+308,0,1.7976931348623157e+308,0,1.7976931348623157e+308,0
20211014,cu2111,72500.0,70150.0,70100.0,141888.0,70680.0,73630.0,70480.0,238601,85672237650.0,160738.0,1.7976931348623157e+308,1.7976931348623157e+308,75760.0,64530.0,0.0,1.7976931348623157e+308,20:34:49,0,359060.6814305053,20211013,72490.0,13,72500.0,27,1.7976931348623157e+308,0,1.7976931348623157e+308,0,1.7976931348623157e+308,0,1.7976931348623157e+308,0,1.7976931348623157e+308,0,1.7976931348623157e+308,0,1.7976931348623157e+308,0,1.7976931348623157e+308,0
20211014,cu2111,72500.0,70150.0,70100.0,141888.0,70680.0,73630.0,70480.0,238603,85672962650.0,160739.0,1.7976931348623157e+308,1.7976931348623157e+308,75760.0,64530.0,0.0,1.7976931348623157e+308,20:34:49,500,359060.710259301,20211013,72490.0,14,72500.0,26,1.7976931348623157e+308,0,1.7976931348623157e+308,0,1.7976931348623157e+308,0,1.7976931348623157e+308,0,1.7976931348623157e+308,0,1.7976931348623157e+308,0,1.7976931348623157e+308,0,1.7976931348623157e+308,0
20211014,cu2111,72500.0,70150.0,70100.0,141888.0,70680.0,73630.0,70480.0,238610,85675500150.0,160739.0,1.7976931348623157e+308,1.7976931348623157e+308,75760.0,64530.0,0.0,1.7976931348623157e+308,20:34:50,0,359060.8111562801,20211013,72490.0,15,72500.0,19,1.7976931348623157e+308,0,1.7976931348623157e+308,0,1.7976931348623157e+308,0,1.7976931348623157e+308,0,1.7976931348623157e+308,0,1.7976931348623157e+308,0,1.7976931348623157e+308,0,1.7976931348623157e+308,0
20211014,cu2111,72500.0,70150.0,70100.0,141888.0,70680.0,73630.0,70480.0,238622,85679850100.0,160742.0,1.7976931348623157e+308,1.7976931348623157e+308,75760.0,64530.0,0.0,1.7976931348623157e+308,20:34:50,500,359060.98389922135,20211013,72490.0,17,72500.0,8,1.7976931348623157e+308,0,1.7976931348623157e+308,0,1.7976931348623157e+308,0,1.7976931348623157e+308,0,1.7976931348623157e+308,0,1.7976931348623157e+308,0,1.7976931348623157e+308,0,1.7976931348623157e+308,0
20211014,cu2111,72510.0,70150.0,70100.0,141888.0,70680.0,73630.0,70480.0,238632,85683475150.0,160747.0,1.7976931348623157e+308,1.7976931348623157e+308,75760.0,64530.0,0.0,1.7976931348623157e+308,20:34:51,0,359061.12822253513,20211013,72490.0,17,72510.0,2,1.7976931348623157e+308,0,1.7976931348623157e+308,0,1.7976931348623157e+308,0,1.7976931348623157e+308,0,1.7976931348623157e+308,0,1.7976931348623157e+308,0,1.7976931348623157e+308,0,1.7976931348623157e+308,0
20211014,cu2111,72490.0,70150.0,70100.0,141888.0,70680.0,73630.0,70480.0,238636,85684924950.0,160748.0,1.7976931348623157e+308,1.7976931348623157e+308,75760.0,64530.0,0.0,1.7976931348623157e+308,20:34:51,500,359061.18502656766,20211013,72500.0,2,72510.0,2,1.7976931348623157e+308,0,1.7976931348623157e+308,0,1.7976931348623157e+308,0,1.7976931348623157e+308,0,1.7976931348623157e+308,0,1.7976931348623157e+308,0,1.7976931348623157e+308,0,1.7976931348623157e+308,0
20211014,cu2111,72500.0,70150.0,70100.0,141888.0,70680.0,73630.0,70480.0,238665,85695437500.0,160757.0,1.7976931348623157e+308,1.7976931348623157e+308,75760.0,64530.0,0.0,1.7976931348623157e+308,20:34:52,0,359061.60308382043,20211013,72490.0,5,72500.0,13,1.7976931348623157e+308,0,1.7976931348623157e+308,0,1.7976931348623157e+308,0,1.7976931348623157e+308,0,1.7976931348623157e+308,0,1.7976931348623157e+308,0,1.7976931348623157e+308,0,1.7976931348623157e+308,0
20211014,cu2111,72490.0,70150.0,70100.0,141888.0,70680.0,73630.0,70480.0,238678,85700149950.0,160762.0,1.7976931348623157e+308,1.7976931348623157e+308,75760.0,64530.0,0.0,1.7976931348623157e+308,20:34:52,500,359061.7901524229,20211013,72490.0,7,72500.0,2,1.7976931348623157e+308,0,1.7976931348623157e+308,0,1.7976931348623157e+308,0,1.7976931348623157e+308,0,1.7976931348623157e+308,0,1.7976931348623157e+308,0,1.7976931348623157e+308,0,1.7976931348623157e+308,0
20211014,cu2111,72490.0,70150.0,70100.0,141888.0,70680.0,73630.0,70480.0,238693,85705587500.0,160759.0,1.7976931348623157e+308,1.7976931348623157e+308,75760.0,64530.0,0.0,1.7976931348623157e+308,20:34:53,0,359062.00642666523,20211013,72490.0,3,72510.0,1,1.7976931348623157e+308,0,1.7976931348623157e+308,0,1.7976931348623157e+308,0,1.7976931348623157e+308,0,1.7976931348623157e+308,0,1.7976931348623157e+308,0,1.7976931348623157e+308,0,1.7976931348623157e+308,0
20211014,cu2111,72490.0,70150.0,70100.0,141888.0,70680.0,73630.0,70480.0,238693,85705587500.0,160759.0,1.7976931348623157e+308,1.7976931348623157e+308,75760.0,64530.0,0.0,1.7976931348623157e+308,20:34:53,500,359062.00642666523,20211013,72490.0,3,72500.0,19,1.7976931348623157e+308,0,1.7976931348623157e+308,0,1.7976931348623157e+308,0,1.7976931348623157e+308,0,1.7976931348623157e+308,0,1.7976931348623157e+308,0,1.7976931348623157e+308,0,1.7976931348623157e+308,0
20211014,cu2111,72500.0,70150.0,70100.0,141888.0,70680.0,73630.0,70480.0,238696,85706675000.0,160759.0,1.7976931348623157e+308,1.7976931348623157e+308,75760.0,64530.0,0.0,1.7976931348623157e+308,20:34:54,0,359062.0496363575,20211013,72490.0,3,72500.0,16,1.7976931348623157e+308,0,1.7976931348623157e+308,0,1.7976931348623157e+308,0,1.7976931348623157e+308,0,1.7976931348623157e+308,0,1.7976931348623157e+308,0,1.7976931348623157e+308,0,1.7976931348623157e+308,0
20211014,cu2111,72480.0,70150.0,70100.0,141888.0,70680.0,73630.0,70480.0,238709,85711386450.0,160753.0,1.7976931348623157e+308,1.7976931348623157e+308,75760.0,64530.0,0.0,1.7976931348623157e+308,20:34:54,500,359062.2324671462,20211013,72490.0,10,72500.0,47,1.7976931348623157e+308,0,1.7976931348623157e+308,0,1.7976931348623157e+308,0,1.7976931348623157e+308,0,1.7976931348623157e+308,0,1.7976931348623157e+308,0,1.7976931348623157e+308,0,1.7976931348623157e+308,0
20211014,cu2111,72490.0,70150.0,70100.0,141888.0,70680.0,73630.0,70480.0,238720,85715373900.0,160759.0,1.7976931348623157e+308,1.7976931348623157e+308,75760.0,64530.0,0.0,1.7976931348623157e+308,20:34:55,0,359062.3906668901,20211013,72490.0,10,72500.0,37,1.7976931348623157e+308,0,1.7976931348623157e+308,0,1.7976931348623157e+308,0,1.7976931348623157e+308,0,1.7976931348623157e+308,0,1.7976931348623157e+308,0,1.7976931348623157e+308,0,1.7976931348623157e+308,0
20211014,cu2111,72490.0,70150.0,70100.0,141888.0,70680.0,73630.0,70480.0,238739,85722260900.0,160774.0,1.7976931348623157e+308,1.7976931348623157e+308,75760.0,64530.0,0.0,1.7976931348623157e+308,20:34:55,500,359062.66215406783,20211013,72480.0,20,72500.0,29,1.7976931348623157e+308,0,1.7976931348623157e+308,0,1.7976931348623157e+308,0,1.7976931348623157e+308,0,1.7976931348623157e+308,0,1.7976931348623157e+308,0,1.7976931348623157e+308,0,1.7976931348623157e+308,0
20211014,cu2111,72500.0,70150.0,70100.0,141888.0,70680.0,73630.0,70480.0,238744,85724073400.0,160776.0,1.7976931348623157e+308,1.7976931348623157e+308,75760.0,64530.0,0.0,1.7976931348623157e+308,20:34:56,0,359062.73414200987,20211013,72480.0,22,72500.0,24,1.7976931348623157e+308,0,1.7976931348623157e+308,0,1.7976931348623157e+308,0,1.7976931348623157e+308,0,1.7976931348623157e+308,0,1.7976931348623157e+308,0,1.7976931348623157e+308,0,1.7976931348623157e+308,0
20211014,cu2111,72480.0,70150.0,70100.0,141888.0,70680.0,73630.0,70480.0,238752,85726973300.0,160781.0,1.7976931348623157e+308,1.7976931348623157e+308,75760.0,64530.0,0.0,1.7976931348623157e+308,20:34:56,500,359062.84889760084,20211013,72480.0,24,72500.0,16,1.7976931348623157e+308,0,1.7976931348623157e+308,0,1.7976931348623157e+308,0,1.7976931348623157e+308,0,1.7976931348623157e+308,0,1.7976931348623157e+308,0,1.7976931348623157e+308,0,1.7976931348623157e+308,0
20211014,cu2111,72500.0,70150.0,70100.0,141888.0,70680.0,73630.0,70480.0,238757,85728785700.0,160784.0,1.7976931348623157e+308,1.7976931348623157e+308,75760.0,64530.0,0.0,1.7976931348623157e+308,20:34:57,0,359062.9204588766,20211013,72480.0,23,72500.0,13,1.7976931348623157e+308,0,1.7976931348623157e+308,0,1.7976931348623157e+308,0,1.7976931348623157e+308,0,1.7976931348623157e+308,0,1.7976931348623157e+308,0,1.7976931348623157e+308,0,1.7976931348623157e+308,0
20211014,cu2111,72500.0,70150.0,70100.0,141888.0,70680.0,73630.0,70480.0,238762,85730598200.0,160786.0,1.7976931348623157e+308,1.7976931348623157e+308,75760.0,64530.0,0.0,1.7976931348623157e+308,20:34:57,500,359062.9924359823,20211013,72480.0,23,72500.0,8,1.7976931348623157e+308,0,1.7976931348623157e+308,0,1.7976931348623157e+308,0,1.7976931348623157e+308,0,1.7976931348623157e+308,0,1.7976931348623157e+308,0,1.7976931348623157e+308,0,1.7976931348623157e+308,0
20211014,cu2111,72480.0,70150.0,70100.0,141888.0,70680.0,73630.0,70480.0,238764,85731323000.0,160784.0,1.7976931348623157e+308,1.7976931348623157e+308,75760.0,64530.0,0.0,1.7976931348623157e+308,20:34:58,500,359063.02038833324,20211013,72480.0,21,72500.0,28,1.7976931348623157e+308,0,1.7976931348623157e+308,0,1.7976931348623157e+308,0,1.7976931348623157e+308,0,1.7976931348623157e+308,0,1.7976931348623157e+308,0,1.7976931348623157e+308,0,1.7976931348623157e+308,0
20211014,cu2111,72490.0,70150.0,70100.0,141888.0,70680.0,73630.0,70480.0,238768,85732772750.0,160786.0,1.7976931348623157e+308,1.7976931348623157e+308,75760.0,64530.0,0.0,1.7976931348623157e+308,20:34:59,0,359063.07691985526,20211013,72480.0,21,72500.0,28,1.7976931348623157e+308,0,1.7976931348623157e+308,0,1.7976931348623157e+308,0,1.7976931348623157e+308,0,1.7976931348623157e+308,0,1.7976931348623157e+308,0,1.7976931348623157e+308,0,1.7976931348623157e+308,0
20211014,cu2111,72490.0,70150.0,70100.0,141888.0,70680.0,73630.0,70480.0,238768,85732772750.0,160786.0,1.7976931348623157e+308,1.7976931348623157e+308,75760.0,64530.0,0.0,1.7976931348623157e+308,20:34:59,500,359063.07691985526,20211013,72480.0,20,72490.0,3,1.7976931348623157e+308,0,1.7976931348623157e+308,0,1.7976931348623157e+308,0,1.7976931348623157e+308,0,1.7976931348623157e+308,0,1.7976931348623157e+308,0,1.7976931348623157e+308,0,1.7976931348623157e+308,0
20211014,cu2111,72480.0,70150.0,70100.0,141888.0,70680.0,73630.0,70480.0,238775,85735309900.0,160787.0,1.7976931348623157e+308,1.7976931348623157e+308,75760.0,64530.0,0.0,1.7976931348623157e+308,20:35:00,0,359063.176211915,20211013,72480.0,18,72500.0,46,1.7976931348623157e+308,0,1.7976931348623157e+308,0,1.7976931348623157e+308,0,1.7976931348623157e+308,0,1.7976931348623157e+308,0,1.7976931348623157e+308,0,1.7976931348623157e+308,0,1.7976931348623157e+308,0
20211014,cu2111,72480.0,70150.0,70100.0,141888.0,70680.0,73630.0,70480.0,238775,85735309900.0,160787.0,1.7976931348623157e+308,1.7976931348623157e+308,75760.0,64530.0,0.0,1.7976931348623157e+308,20:35:00,500,359063.176211915,20211013,72480.0,18,72490.0,3,1.7976931348623157e+308,0,1.7976931348623157e+308,0,1.7976931348623157e+308,0,1.7976931348623157e+308,0,1.7976931348623157e+308,0,1.7976931348623157e+308,0,1.7976931348623157e+308,0,1.7976931348623157e+308,0
20211014,cu2111,72480.0,70150.0,70100.0,141888.0,70680.0,73630.0,70480.0,238778,85736397150.0,160785.0,72480.0,71810.0,75760.0,64530.0,0.0,1.7976931348623157e+308,20:35:01,0,359063.2183450737,20211013,72480.0,16,72490.0,3,1.7976931348623157e+308,0,1.7976931348623157e+308,0,1.7976931348623157e+308,0,1.7976931348623157e+308,0,1.7976931348623157e+308,0,1.7976931348623157e+308,0,1.7976931348623157e+308,0,1.7976931348623157e+308,0
20211014,cu2111,72790.0,70150.0,70100.0,141888.0,70680.0,73630.0,70480.0,190914,68356152800.0,159645.0,1.7976931348623157e+308,1.7976931348623157e+308,75760.0,64530.0,0.0,1.7976931348623157e+308,20:35:01,500,358046.83155766473,20211013,72780.0,4,72790.0,6,1.7976931348623157e+308,0,1.7976931348623157e+308,0,1.7976931348623157e+308,0,1.7976931348623157e+308,0,1.7976931348623157e+308,0,1.7976931348623157e+308,0,1.7976931348623157e+308,0,1.7976931348623157e+308,0
20211014,cu2111,72750.0,70150.0,70100.0,141888.0,70680.0,73630.0,70480.0,191218,68466719000.0,159643.0,1.7976931348623157e+308,1.7976931348623157e+308,75760.0,64530.0,0.0,1.7976931348623157e+308,20:35:02,0,358055.8263343409,20211013,72650.0,20,72750.0,107,1.7976931348623157e+308,0,1.7976931348623157e+308,0,1.7976931348623157e+308,0,1.7976931348623157e+308,0,1.7976931348623157e+308,0,1.7976931348623157e+308,0,1.7976931348623157e+308,0,1.7976931348623157e+308,0
20211014,cu2111,72680.0,70150.0,70100.0,141888.0,70680.0,73630.0,70480.0,191461,68555067150.0,159617.0,1.7976931348623157e+308,1.7976931348623157e+308,75760.0,64530.0,0.0,1.7976931348623157e+308,20:35:02,500,358062.82819999894,20211013,72680.0,10,72710.0,1,1.7976931348623157e+308,0,1.7976931348623157e+308,0,1.7976931348623157e+308,0,1.7976931348623157e+308,0,1.7976931348623157e+308,0,1.7976931348623157e+308,0,1.7976931348623157e+308,0,1.7976931348623157e+308,0
20211014,cu2111,72750.0,70150.0,70100.0,141888.0,70680.0,73630.0,70480.0,191596,68604141550.0,159608.0,1.7976931348623157e+308,1.7976931348623157e+308,75760.0,64530.0,0.0,1.7976931348623157e+308,20:35:03,0,358066.6691893359,20211013,72740.0,1,72750.0,31,1.7976931348623157e+308,0,1.7976931348623157e+308,0,1.7976931348623157e+308,0,1.7976931348623157e+308,0,1.7976931348623157e+308,0,1.7976931348623157e+308,0,1.7976931348623157e+308,0,1.7976931348623157e+308,0
20211014,cu2111,72740.0,70150.0,70100.0,141888.0,70680.0,73630.0,70480.0,191738,68655768900.0,159594.0,1.7976931348623157e+308,1.7976931348623157e+308,75760.0,64530.0,0.0,1.7976931348623157e+308,20:35:03,500,358070.7470610938,20211013,72670.0,6,72740.0,3,1.7976931348623157e+308,0,1.7976931348623157e+308,0,1.7976931348623157e+308,0,1.7976931348623157e+308,0,1.7976931348623157e+308,0,1.7976931348623157e+308,0,1.7976931348623157e+308,0,1.7976931348623157e+308,0
20211014,cu2111,72730.0,70150.0,70100.0,141888.0,70680.0,73630.0,70480.0,191790,68674678000.0,159618.0,1.7976931348623157e+308,1.7976931348623157e+308,75760.0,64530.0,0.0,1.7976931348623157e+308,20:35:04,0,358072.25611345744,20211013,72720.0,2,72730.0,13,1.7976931348623157e+308,0,1.7976931348623157e+308,0,1.7976931348623157e+308,0,1.7976931348623157e+308,0,1.7976931348623157e+308,0,1.7976931348623157e+308,0,1.7976931348623157e+308,0,1.7976931348623157e+308,0
20211014,cu2111,72650.0,70150.0,70100.0,141888.0,70680.0,73630.0,70480.0,191905,68716475150.0,159660.0,1.7976931348623157e+308,1.7976931348623157e+308,75760.0,64530.0,0.0,1.7976931348623157e+308,20:35:04,500,358075.4808368724,20211013,72640.0,7,72700.0,7,1.7976931348623157e+308,0,1.7976931348623157e+308,0,1.7976931348623157e+308,0,1.7976931348623157e+308,0,1.7976931348623157e+308,0,1.7976931348623157e+308,0,1.7976931348623157e+308,0,1.7976931348623157e+308,0
20211014,cu2111,72670.0,70150.0,70100.0,141888.0,70680.0,73630.0,70480.0,192009,68754253300.0,159662.0,1.7976931348623157e+308,1.7976931348623157e+308,75760.0,64530.0,0.0,1.7976931348623157e+308,20:35:05,0,358078.28435125435,20211013,72640.0,1,72650.0,1,1.7976931348623157e+308,0,1.7976931348623157e+308,0,1.7976931348623157e+308,0,1.7976931348623157e+308,0,1.7976931348623157e+308,0,1.7976931348623157e+308,0,1.7976931348623157e+308,0,1.7976931348623157e+308,0
20211014,cu2111,72640.0,70150.0,70100.0,141888.0,70680.0,73630.0,70480.0,192084,68781494550.0,159674.0,1.7976931348623157e+308,1.7976931348623157e+308,75760.0,64530.0,0.0,1.7976931348623157e+308,20:35:05,500,358080.29065408884,20211013,72610.0,2,72630.0,2,1.7976931348623157e+308,0,1.7976931348623157e+308,0,1.7976931348623157e+308,0,1.7976931348623157e+308,0,1.7976931348623157e+308,0,1.7976931348623157e+308,0,1.7976931348623157e+308,0,1.7976931348623157e+308,0
20211014,cu2111,72660.0,70150.0,70100.0,141888.0,70680.0,73630.0,70480.0,192134,68799652300.0,159671.0,1.7976931348623157e+308,1.7976931348623157e+308,75760.0,64530.0,0.0,1.7976931348623157e+308,20:35:06,0,358081.61127130024,20211013,72640.0,3,72670.0,70,1.7976931348623157e+308,0,1.7976931348623157e+308,0,1.7976931348623157e+308,0,1.7976931348623157e+308,0,1.7976931348623157e+308,0,1.7976931348623157e+308,0,1.7976931348623157e+308,0,1.7976931348623157e+308,0
20211014,cu2111,72660.0,70150.0,70100.0,141888.0,70680.0,73630.0,70480.0,192168,68812003250.0,159682.0,1.7976931348623157e+308,1.7976931348623157e+308,75760.0,64530.0,0.0,1.7976931348623157e+308,20:35:06,500,358082.52804837434,20211013,72650.0,1,72660.0,4,1.7976931348623157e+308,0,1.7976931348623157e+308,0,1.7976931348623157e+308,0,1.7976931348623157e+308,0,1.7976931348623157e+308,0,1.7976931348623157e+308,0,1.7976931348623157e+308,0,1.7976931348623157e+308,0
20211014,cu2111,72640.0,70150.0,70100.0,141888.0,70680.0,73630.0,70480.0,192232,68835248400.0,159679.0,1.7976931348623157e+308,1.7976931348623157e+308,75760.0,64530.0,0.0,1.7976931348623157e+308,20:35:07,0,358084.2336343585,20211013,72620.0,2,72640.0,3,1.7976931348623157e+308,0,1.7976931348623157e+308,0,1.7976931348623157e+308,0,1.7976931348623157e+308,0,1.7976931348623157e+308,0,1.7976931348623157e+308,0,1.7976931348623157e+308,0,1.7976931348623157e+308,0
20211014,cu2111,72640.0,70150.0,70100.0,141888.0,70680.0,73630.0,70480.0,192335,68872661400.0,159690.0,1.7976931348623157e+308,1.7976931348623157e+308,75760.0,64530.0,0.0,1.7976931348623157e+308,20:35:07,500,358086.9909272883,20211013,72630.0,1,72640.0,150,1.7976931348623157e+308,0,1.7976931348623157e+308,0,1.7976931348623157e+308,0,1.7976931348623157e+308,0,1.7976931348623157e+308,0,1.7976931348623157e+308,0,1.7976931348623157e+308,0,1.7976931348623157e+308,0
20211014,cu2111,72640.0,70150.0,70100.0,141888.0,70680.0,73630.0,70480.0,192361,68882103750.0,159684.0,1.7976931348623157e+308,1.7976931348623157e+308,75760.0,64530.0,0.0,1.7976931348623157e+308,20:35:08,0,358087.67759577045,20211013,72610.0,2,72640.0,163,1.7976931348623157e+308,0,1.7976931348623157e+308,0,1.7976931348623157e+308,0,1.7976931348623157e+308,0,1.7976931348623157e+308,0,1.7976931348623157e+308,0,1.7976931348623157e+308,0,1.7976931348623157e+308,0
20211014,cu2111,72630.0,70150.0,70100.0,141888.0,70680.0,73630.0,70480.0,192389,68892273000.0,159684.0,1.7976931348623157e+308,1.7976931348623157e+308,75760.0,64530.0,0.0,1.7976931348623157e+308,20:35:08,500,358088.4198161017,20211013,72610.0,7,72640.0,157,1.7976931348623157e+308,0,1.7976931348623157e+308,0,1.7976931348623157e+308,0,1.7976931348623157e+308,0,1.7976931348623157e+308,0,1.7976931348623157e+308,0,1.7976931348623157e+308,0,1.7976931348623157e+308,0
20211014,cu2111,72620.0,70150.0,70100.0,141888.0,70680.0,73630.0,70480.0,192493,68930043250.0,159699.0,1.7976931348623157e+308,1.7976931348623157e+308,75760.0,64530.0,0.0,1.7976931348623157e+308,20:35:09,0,358091.16825027403,20211013,72620.0,2,72630.0,120,1.7976931348623157e+308,0,1.7976931348623157e+308,0,1.7976931348623157e+308,0,1.7976931348623157e+308,0,1.7976931348623157e+308,0,1.7976931348623157e+308,0,1.7976931348623157e+308,0,1.7976931348623157e+308,0
20211014,cu2111,72630.0,70150.0,70100.0,141888.0,70680.0,73630.0,70480.0,192543,68948199150.0,159718.0,1.7976931348623157e+308,1.7976931348623157e+308,75760.0,64530.0,0.0,1.7976931348623157e+308,20:35:09,500,358092.47362926725,20211013,72600.0,10,72630.0,99,1.7976931348623157e+308,0,1.7976931348623157e+308,0,1.7976931348623157e+308,0,1.7976931348623157e+308,0,1.7976931348623157e+308,0,1.7976931348623157e+308,0,1.7976931348623157e+308,0,1.7976931348623157e+308,0
20211014,cu2111,72630.0,70150.0,70100.0,141888.0,70680.0,73630.0,70480.0,192557,68953283250.0,159718.0,1.7976931348623157e+308,1.7976931348623157e+308,75760.0,64530.0,0.0,1.7976931348623157e+308,20:35:10,0,358092.8413404862,20211013,72610.0,5,72630.0,91,1.7976931348623157e+308,0,1.7976931348623157e+308,0,1.7976931348623157e+308,0,1.7976931348623157e+308,0,1.7976931348623157e+308,0,1.7976931348623157e+308,0,1.7976931348623157e+308,0,1.7976931348623157e+308,0
20211014,cu2111,72630.0,70150.0,70100.0,141888.0,70680.0,73630.0,70480.0,192606,68971075950.0,159734.0,1.7976931348623157e+308,1.7976931348623157e+308,75760.0,64530.0,0.0,1.7976931348623157e+308,20:35:10,500,358094.1193420766,20211013,72600.0,13,72630.0,56,1.7976931348623157e+308,0,1.7976931348623157e+308,0,1.7976931348623157e+308,0,1.7976931348623157e+308,0,1.7976931348623157e+308,0,1.7976931348623157e+308,0,1.7976931348623157e+308,0,1.7976931348623157e+308,0
20211014,cu2111,72600.0,70150.0,70100.0,141888.0,70680.0,73630.0,70480.0,192742,69020444450.0,159850.0,1.7976931348623157e+308,1.7976931348623157e+308,75760.0,64530.0,0.0,1.7976931348623157e+308,20:35:11,0,358097.5835572942,20211013,72590.0,3,72600.0,23,1.7976931348623157e+308,0,1.7976931348623157e+308,0,1.7976931348623157e+308,0,1.7976931348623157e+308,0,1.7976931348623157e+308,0,1.7976931348623157e+308,0,1.7976931348623157e+308,0,1.7976931348623157e+308,0
20211014,cu2111,72600.0,70150.0,70100.0,141888.0,70680.0,73630.0,70480.0,192792,69038592850.0,159851.0,1.7976931348623157e+308,1.7976931348623157e+308,75760.0,64530.0,0.0,1.7976931348623157e+308,20:35:11,500,358098.8466845097,20211013,72570.0,3,72600.0,10,1.7976931348623157e+308,0,1.7976931348623157e+308,0,1.7976931348623157e+308,0,1.7976931348623157e+308,0,1.7976931348623157e+308,0,1.7976931348623157e+308,0,1.7976931348623157e+308,0,1.7976931348623157e+308,0
20211014,cu2111,72570.0,70150.0,70100.0,141888.0,70680.0,73630.0,70480.0,192799,69041133350.0,159850.0,1.7976931348623157e+308,1.7976931348623157e+308,75760.0,64530.0,0.0,1.7976931348623157e+308,20:35:12,0,358099.02203849604,20211013,72570.0,4,72590.0,1,1.7976931348623157e+308,0,1.7976931348623157e+308,0,1.7976931348623157e+308,0,1.7976931348623157e+308,0,1.7976931348623157e+308,0,1.7976931348623157e+308,0,1.7976931348623157e+308,0,1.7976931348623157e+308,0
20211014,cu2111,72570.0,70150.0,70100.0,141888.0,70680.0,73630.0,70480.0,192820,69048755950.0,159836.0,1.7976931348623157e+308,1.7976931348623157e+308,75760.0,64530.0,0.0,1.7976931348623157e+308,20:35:12,500,358099.5537288663,20211013,72590.0,4,72610.0,3,1.7976931348623157e+308,0,1.7976931348623157e+308,0,1.7976931348623157e+308,0,1.7976931348623157e+308,0,1.7976931348623157e+308,0,1.7976931348623157e+308,0,1.7976931348623157e+308,0,1.7976931348623157e+308,0
20211014,cu2111,72590.0,70150.0,70100.0,141888.0,70680.0,73630.0,70480.0,192833,69053474150.0,159830.0,1.7976931348623157e+308,1.7976931348623157e+308,75760.0,64530.0,0.0,1.7976931348623157e+308,20:35:13,0,358099.87994793424,20211013,72570.0,4,72580.0,1,1.7976931348623157e+308,0,1.7976931348623157e+308,0,1.7976931348623157e+308,0,1.7976931348623157e+308,0,1.7976931348623157e+308,0,1.7976931348623157e+308,0,1.7976931348623157e+308,0,1.7976931348623157e+308,0
20211014,cu2111,72590.0,70150.0,70100.0,141888.0,70680.0,73630.0,70480.0,192838,69055288700.0,159830.0,1.7976931348623157e+308,1.7976931348623157e+308,75760.0,64530.0,0.0,1.7976931348623157e+308,20:35:13,500,358100.00466712995,20211013,72580.0,5,72590.0,2,1.7976931348623157e+308,0,1.7976931348623157e+308,0,1.7976931348623157e+308,0,1.7976931348623157e+308,0,1.7976931348623157e+308,0,1.7976931348623157e+308,0,1.7976931348623157e+308,0,1.7976931348623157e+308,0
20211014,cu2111,72610.0,70150.0,70100.0,141888.0,70680.0,73630.0,70480.0,192864,69064725600.0,159835.0,1.7976931348623157e+308,1.7976931348623157e+308,75760.0,64530.0,0.0,1.7976931348623157e+308,20:35:14,0,358100.65953210555,20211013,72590.0,10,72610.0,3,1.7976931348623157e+308,0,1.7976931348623157e+308,0,1.7976931348623157e+308,0,1.7976931348623157e+308,0,1.7976931348623157e+308,0,1.7976931348623157e+308,0,1.7976931348623157e+308,0,1.7976931348623157e+308,0
20211014,cu2111,72600.0,70150.0,70100.0,141888.0,70680.0,73630.0,70480.0,192875,69068718700.0,159830.0,1.7976931348623157e+308,1.7976931348623157e+308,75760.0,64530.0,0.0,1.7976931348623157e+308,20:35:14,500,358100.9394685677,20211013,72610.0,1,72620.0,3,1.7976931348623157e+308,0,1.7976931348623157e+308,0,1.7976931348623157e+308,0,1.7976931348623157e+308,0,1.7976931348623157e+308,0,1.7976931348623157e+308,0,1.7976931348623157e+308,0,1.7976931348623157e+308,0
20211014,cu2111,72620.0,70150.0,70100.0,141888.0,70680.0,73630.0,70480.0,192889,69073801700.0,159833.0,1.7976931348623157e+308,1.7976931348623157e+308,75760.0,64530.0,0.0,1.7976931348623157e+308,20:35:15,0,358101.30022966577,20211013,72620.0,22,72630.0,57,1.7976931348623157e+308,0,1.7976931348623157e+308,0,1.7976931348623157e+308,0,1.7976931348623157e+308,0,1.7976931348623157e+308,0,1.7976931348623157e+308,0,1.7976931348623157e+308,0,1.7976931348623157e+308,0
20211014,cu2111,72620.0,70150.0,70100.0,141888.0,70680.0,73630.0,70480.0,192976,69105391950.0,159859.0,1.7976931348623157e+308,1.7976931348623157e+308,75760.0,64530.0,0.0,1.7976931348623157e+308,20:35:15,500,358103.5566598955,20211013,72590.0,8,72630.0,12,1.7976931348623157e+308,0,1.7976931348623157e+308,0,1.7976931348623157e+308,0,1.7976931348623157e+308,0,1.7976931348623157e+308,0,1.7976931348623157e+308,0,1.7976931348623157e+308,0,1.7976931348623157e+308,0
20211014,cu2111,72640.0,70150.0,70100.0,141888.0,70680.0,73630.0,70480.0,192993,69111565700.0,159860.0,1.7976931348623157e+308,1.7976931348623157e+308,75760.0,64530.0,0.0,1.7976931348623157e+308,20:35:16,0,358104.00221769704,20211013,72630.0,19,72640.0,107,1.7976931348623157e+308,0,1.7976931348623157e+308,0,1.7976931348623157e+308,0,1.7976931348623157e+308,0,1.7976931348623157e+308,0,1.7976931348623157e+308,0,1.7976931348623157e+308,0,1.7976931348623157e+308,0
20211014,cu2111,72630.0,70150.0,70100.0,141888.0,70680.0,73630.0,70480.0,193131,69161685900.0,159906.0,1.7976931348623157e+308,1.7976931348623157e+308,75760.0,64530.0,0.0,1.7976931348623157e+308,20:35:16,500,358107.6362676111,20211013,72640.0,1,72650.0,12,1.7976931348623157e+308,0,1.7976931348623157e+308,0,1.7976931348623157e+308,0,1.7976931348623157e+308,0,1.7976931348623157e+308,0,1.7976931348623157e+308,0,1.7976931348623157e+308,0,1.7976931348623157e+308,0
20211014,cu2111,72660.0,70150.0,70100.0,141888.0,70680.0,73630.0,70480.0,193173,69176941250.0,159908.0,1.7976931348623157e+308,1.7976931348623157e+308,75760.0,64530.0,0.0,1.7976931348623157e+308,20:35:17,0,358108.74837580824,20211013,72640.0,1,72660.0,6,1.7976931348623157e+308,0,1.7976931348623157e+308,0,1.7976931348623157e+308,0,1.7976931348623157e+308,0,1.7976931348623157e+308,0,1.7976931348623157e+308,0,1.7976931348623157e+308,0,1.7976931348623157e+308,0
20211014,cu2111,72640.0,70150.0,70100.0,141888.0,70680.0,73630.0,70480.0,193202,69187474550.0,159913.0,1.7976931348623157e+308,1.7976931348623157e+308,75760.0,64530.0,0.0,1.7976931348623157e+308,20:35:17,500,358109.5151706504,20211013,72630.0,11,72640.0,12,1.7976931348623157e+308,0,1.7976931348623157e+308,0,1.7976931348623157e+308,0,1.7976931348623157e+308,0,1.7976931348623157e+308,0,1.7976931348623157e+308,0,1.7976931348623157e+308,0,1.7976931348623157e+308,0
20211014,cu2111,72630.0,70150.0,70100.0,141888.0,70680.0,73630.0,70480.0,193235,69199459850.0,159922.0,1.7976931348623157e+308,1.7976931348623157e+308,75760.0,64530.0,0.0,1.7976931348623157e+308,20:35:18,0,358110.3829533987,20211013,72650.0,7,72660.0,2,1.7976931348623157e+308,0,1.7976931348623157e+308,0,1.7976931348623157e+308,0,1.7976931348623157e+308,0,1.7976931348623157e+308,0,1.7976931348623157e+308,0,1.7976931348623157e+308,0,1.7976931348623157e+308,0
20211014,cu2111,72610.0,70150.0,70100.0,141888.0,70680.0,73630.0,70480.0,193294,69220884350.0,159928.0,1.7976931348623157e+308,1.7976931348623157e+308,75760.0,64530.0,0.0,1.7976931348623157e+308,20:35:18,500,358111.91423427523,20211013,72600.0,8,72610.0,11,1.7976931348623157e+308,0,1.7976931348623157e+308,0,1.7976931348623157e+308,0,1.7976931348623157e+308,0,1.7976931348623157e+308,0,1.7976931348623157e+308,0,1.7976931348623157e+308,0,1.7976931348623157e+308,0
20211014,cu2111,72640.0,70150.0,70100.0,141888.0,70680.0,73630.0,70480.0,193318,69229598600.0,159931.0,1.7976931348623157e+308,1.7976931348623157e+308,75760.0,64530.0,0.0,1.7976931348623157e+308,20:35:19,0,358112.5327181121,20211013,72640.0,10,72650.0,10,1.7976931348623157e+308,0,1.7976931348623157e+308,0,1.7976931348623157e+308,0,1.7976931348623157e+308,0,1.7976931348623157e+308,0,1.7976931348623157e+308,0,1.7976931348623157e+308,0,1.7976931348623157e+308,0
20211014,cu2111,72640.0,70150.0,70100.0,141888.0,70680.0,73630.0,70480.0,193340,69237588900.0,159930.0,1.7976931348623157e+308,1.7976931348623157e+308,75760.0,64530.0,0.0,1.7976931348623157e+308,20:35:19,500,358113.11109961726,20211013,72620.0,9,72640.0,32,1.7976931348623157e+308,0,1.7976931348623157e+308,0,1.7976931348623157e+308,0,1.7976931348623157e+308,0,1.7976931348623157e+308,0,1.7976931348623157e+308,0,1.7976931348623157e+308,0,1.7976931348623157e+308,0
20211014,cu2111,72620.0,70150.0,70100.0,141888.0,70680.0,73630.0,70480.0,193371,69248844900.0,159913.0,1.7976931348623157e+308,1.7976931348623157e+308,75760.0,64530.0,0.0,1.7976931348623157e+308,20:35:20,0,358113.9100485595,20211013,72610.0,6,72620.0,5,1.7976931348623157e+308,0,1.7976931348623157e+308,0,1.7976931348623157e+308,0,1.7976931348623157e+308,0,1.7976931348623157e+308,0,1.7976931348623157e+308,0,1.7976931348623157e+308,0,1.7976931348623157e+308,0
20211014,cu2111,72620.0,70150.0,70100.0,141888.0,70680.0,73630.0,70480.0,193389,69255380200.0,159908.0,1.7976931348623157e+308,1.7976931348623157e+308,75760.0,64530.0,0.0,1.7976931348623157e+308,20:35:20,500,358114.37155163946,20211013,72620.0,3,72630.0,4,1.7976931348623157e+308,0,1.7976931348623157e+308,0,1.7976931348623157e+308,0,1.7976931348623157e+308,0,1.7976931348623157e+308,0,1.7976931348623157e+308,0,1.7976931348623157e+308,0,1.7976931348623157e+308,0
20211014,cu2111,72620.0,70150.0,70100.0,141888.0,70680.0,73630.0,70480.0,193407,69261916000.0,159903.0,1.7976931348623157e+308,1.7976931348623157e+308,75760.0,64530.0,0.0,1.7976931348623157e+308,20:35:21,0,358114.8355540389,20211013,72600.0,9,72620.0,5,1.7976931348623157e+308,0,1.7976931348623157e+308,0,1.7976931348623157e+308,0,1.7976931348623157e+308,0,1.7976931348623157e+308,0,1.7976931348623157e+308,0,1.7976931348623157e+308,0,1.7976931348623157e+308,0
20211014,cu2111,72630.0,70150.0,70100.0,141888.0,70680.0,73630.0,70480.0,193419,69266273300.0,159900.0,1.7976931348623157e+308,1.7976931348623157e+308,75760.0,64530.0,0.0,1.7976931348623157e+308,20:35:21,500,358115.14535800513,20211013,72620.0,3,72630.0,1,1.7976931348623157e+308,0,1.7976931348623157e+308,0,1.7976931348623157e+308,0,1.7976931348623157e+308,0,1.7976931348623157e+308,0,1.7976931348623157e+308,0,1.7976931348623157e+308,0,1.7976931348623157e+308,0
20211014,cu2111,72620.0,70150.0,70100.0,141888.0,70680.0,73630.0,70480.0,193427,69269178100.0,159902.0,1.7976931348623157e+308,1.7976931348623157e+308,75760.0,64530.0,0.0,1.7976931348623157e+308,20:35:22,0,358115.3515279666,20211013,72610.0,1,72620.0,12,1.7976931348623157e+308,0,1.7976931348623157e+308,0,1.7976931348623157e+308,0,1.7976931348623157e+308,0,1.7976931348623157e+308,0,1.7976931348623157e+308,0,1.7976931348623157e+308,0,1.7976931348623157e+308,0
20211014,cu2111,72610.0,70150.0,70100.0,141888.0,70680.0,73630.0,70480.0,193446,69276076900.0,159898.0,1.7976931348623157e+308,1.7976931348623157e+308,75760.0,64530.0,0.0,1.7976931348623157e+308,20:35:22,500,358115.8405963421,20211013,72600.0,8,72620.0,1,1.7976931348623157e+308,0,1.7976931348623157e+308,0,1.7976931348623157e+308,0,1.7976931348623157e+308,0,1.7976931348623157e+308,0,1.7976931348623157e+308,0,1.7976931348623157e+308,0,1.7976931348623157e+308,0
20211014,cu2111,72610.0,70150.0,70100.0,141888.0,70680.0,73630.0,70480.0,193449,69277166050.0,159897.0,1.7976931348623157e+308,1.7976931348623157e+308,75760.0,64530.0,0.0,1.7976931348623157e+308,20:35:23,0,358115.91711510526,20211013,72600.0,7,72620.0,8,1.7976931348623157e+308,0,1.7976931348623157e+308,0,1.7976931348623157e+308,0,1.7976931348623157e+308,0,1.7976931348623157e+308,0,1.7976931348623157e+308,0,1.7976931348623157e+308,0,1.7976931348623157e+308,0
20211014,cu2111,72610.0,70150.0,70100.0,141888.0,70680.0,73630.0,70480.0,193460,69281159550.0,159900.0,1.7976931348623157e+308,1.7976931348623157e+308,75760.0,64530.0,0.0,1.7976931348623157e+308,20:35:23,500,358116.19740514836,20211013,72600.0,6,72610.0,10,1.7976931348623157e+308,0,1.7976931348623157e+308,0,1.7976931348623157e+308,0,1.7976931348623157e+308,0,1.7976931348623157e+308,0,1.7976931348623157e+308,0,1.7976931348623157e+308,0,1.7976931348623157e+308,0
20211014,cu2111,72610.0,70150.0,70100.0,141888.0,70680.0,73630.0,70480.0,193469,69284426750.0,159899.0,1.7976931348623157e+308,1.7976931348623157e+308,75760.0,64530.0,0.0,1.7976931348623157e+308,20:35:24,0,358116.4256289121,20211013,72590.0,9,72610.0,7,1.7976931348623157e+308,0,1.7976931348623157e+308,0,1.7976931348623157e+308,0,1.7976931348623157e+308,0,1.7976931348623157e+308,0,1.7976931348623157e+308,0,1.7976931348623157e+308,0,1.7976931348623157e+308,0
20211014,cu2111,72600.0,70150.0,70100.0,141888.0,70680.0,73630.0,70480.0,193496,69294226000.0,159896.0,1.7976931348623157e+308,1.7976931348623157e+308,75760.0,64530.0,0.0,1.7976931348623157e+308,20:35:24,500,358117.0980278662,20211013,72590.0,2,72600.0,116,1.7976931348623157e+308,0,1.7976931348623157e+308,0,1.7976931348623157e+308,0,1.7976931348623157e+308,0,1.7976931348623157e+308,0,1.7976931348623157e+308,0,1.7976931348623157e+308,0,1.7976931348623157e+308,0
20211014,cu2111,72590.0,70150.0,70100.0,141888.0,70680.0,73630.0,70480.0,193514,69300759000.0,159903.0,1.7976931348623157e+308,1.7976931348623157e+308,75760.0,64530.0,0.0,1.7976931348623157e+308,20:35:25,0,358117.5470508594,20211013,72570.0,28,72590.0,19,1.7976931348623157e+308,0,1.7976931348623157e+308,0,1.7976931348623157e+308,0,1.7976931348623157e+308,0,1.7976931348623157e+308,0,1.7976931348623157e+308,0,1.7976931348623157e+308,0,1.7976931348623157e+308,0
20211014,cu2111,72570.0,70150.0,70100.0,141888.0,70680.0,73630.0,70480.0,193567,69319990300.0,159923.0,1.7976931348623157e+308,1.7976931348623157e+308,75760.0,64530.0,0.0,1.7976931348623157e+308,20:35:25,500,358118.844121157,20211013,72560.0,4,72570.0,195,1.7976931348623157e+308,0,1.7976931348623157e+308,0,1.7976931348623157e+308,0,1.7976931348623157e+308,0,1.7976931348623157e+308,0,1.7976931348623157e+308,0,1.7976931348623157e+308,0,1.7976931348623157e+308,0
20211014,cu2111,72560.0,70150.0,70100.0,141888.0,70680.0,73630.0,70480.0,193609,69335227300.0,159918.0,1.7976931348623157e+308,1.7976931348623157e+308,75760.0,64530.0,0.0,1.7976931348623157e+308,20:35:26,0,358119.85651493474,20211013,72540.0,1,72560.0,2,1.7976931348623157e+308,0,1.7976931348623157e+308,0,1.7976931348623157e+308,0,1.7976931348623157e+308,0,1.7976931348623157e+308,0,1.7976931348623157e+308,0,1.7976931348623157e+308,0,1.7976931348623157e+308,0
20211014,cu2111,72540.0,70150.0,70100.0,141888.0,70680.0,73630.0,70480.0,193640,69346472150.0,159906.0,1.7976931348623157e+308,1.7976931348623157e+308,75760.0,64530.0,0.0,1.7976931348623157e+308,20:35:26,500,358120.5956930386,20211013,72530.0,3,72540.0,3,1.7976931348623157e+308,0,1.7976931348623157e+308,0,1.7976931348623157e+308,0,1.7976931348623157e+308,0,1.7976931348623157e+308,0,1.7976931348623157e+308,0,1.7976931348623157e+308,0,1.7976931348623157e+308,0
20211014,cu2111,72530.0,70150.0,70100.0,141888.0,70680.0,73630.0,70480.0,193771,69393955100.0,159857.0,1.7976931348623157e+308,1.7976931348623157e+308,75760.0,64530.0,0.0,1.7976931348623157e+308,20:35:27,0,358123.53293320467,20211013,72440.0,1,72520.0,1,1.7976931348623157e+308,0,1.7976931348623157e+308,0,1.7976931348623157e+308,0,1.7976931348623157e+308,0,1.7976931348623157e+308,0,1.7976931348623157e+308,0,1.7976931348623157e+308,0,1.7976931348623157e+308,0
20211014,cu2111,72510.0,70150.0,70100.0,141888.0,70680.0,73630.0,70480.0,193795,69402654850.0,159860.0,1.7976931348623157e+308,1.7976931348623157e+308,75760.0,64530.0,0.0,1.7976931348623157e+308,20:35:27,500,358124.0736345107,20211013,72490.0,1,72510.0,18,1.7976931348623157e+308,0,1.7976931348623157e+308,0,1.7976931348623157e+308,0,1.7976931348623157e+308,0,1.7976931348623157e+308,0,1.7976931348623157e+308,0,1.7976931348623157e+308,0,1.7976931348623157e+308,0
20211014,cu2111,72530.0,70150.0,70100.0,141888.0,70680.0,73630.0,70480.0,193864,69427669950.0,159872.0,1.7976931348623157e+308,1.7976931348623157e+308,75760.0,64530.0,0.0,1.7976931348623157e+308,20:35:28,0,358125.6445239962,20211013,72510.0,1,72530.0,163,1.7976931348623157e+308,0,1.7976931348623157e+308,0,1.7976931348623157e+308,0,1.7976931348623157e+308,0,1.7976931348623157e+308,0,1.7976931348623157e+308,0,1.7976931348623157e+308,0,1.7976931348623157e+308,0
20211014,cu2111,72520.0,70150.0,70100.0,141888.0,70680.0,73630.0,70480.0,193897,69439634500.0,159869.0,1.7976931348623157e+308,1.7976931348623157e+308,75760.0,64530.0,0.0,1.7976931348623157e+308,20:35:28,500,358126.3995832839,20211013,72520.0,2,72530.0,152,1.7976931348623157e+308,0,1.7976931348623157e+308,0,1.7976931348623157e+308,0,1.7976931348623157e+308,0,1.7976931348623157e+308,0,1.7976931348623157e+308,0,1.7976931348623157e+308,0,1.7976931348623157e+308,0
20211014,cu2111,72510.0,70150.0,70100.0,141888.0,70680.0,73630.0,70480.0,193922,69448699900.0,159856.0,1.7976931348623157e+308,1.7976931348623157e+308,75760.0,64530.0,0.0,1.7976931348623157e+308,20:35:29,0,358126.9783727478,20211013,72490.0,1,72510.0,1,1.7976931348623157e+308,0,1.7976931348623157e+308,0,1.7976931348623157e+308,0,1.7976931348623157e+308,0,1.7976931348623157e+308,0,1.7976931348623157e+308,0,1.7976931348623157e+308,0,1.7976931348623157e+308,0
20211014,cu2111,72530.0,70150.0,70100.0,141888.0,70680.0,73630.0,70480.0,193958,69461750350.0,159837.0,1.7976931348623157e+308,1.7976931348623157e+308,75760.0,64530.0,0.0,1.7976931348623157e+308,20:35:30,0,358127.79235710826,20211013,72520.0,1,72530.0,10,1.7976931348623157e+308,0,1.7976931348623157e+308,0,1.7976931348623157e+308,0,1.7976931348623157e+308,0,1.7976931348623157e+308,0,1.7976931348623157e+308,0,1.7976931348623157e+308,0,1.7976931348623157e+308,0
20211014,cu2111,72520.0,70150.0,70100.0,141888.0,70680.0,73630.0,70480.0,193968,69465376050.0,159839.0,1.7976931348623157e+308,1.7976931348623157e+308,75760.0,64530.0,0.0,1.7976931348623157e+308,20:35:30,500,358128.02137465973,20211013,72500.0,20,72520.0,14,1.7976931348623157e+308,0,1.7976931348623157e+308,0,1.7976931348623157e+308,0,1.7976931348623157e+308,0,1.7976931348623157e+308,0,1.7976931348623157e+308,0,1.7976931348623157e+308,0,1.7976931348623157e+308,0
20211014,cu2111,72510.0,70150.0,70100.0,141888.0,70680.0,73630.0,70480.0,193975,69467914100.0,159834.0,1.7976931348623157e+308,1.7976931348623157e+308,75760.0,64530.0,0.0,1.7976931348623157e+308,20:35:31,0,358128.1819822142,20211013,72500.0,21,72520.0,1,1.7976931348623157e+308,0,1.7976931348623157e+308,0,1.7976931348623157e+308,0,1.7976931348623157e+308,0,1.7976931348623157e+308,0,1.7976931348623157e+308,0,1.7976931348623157e+308,0,1.7976931348623157e+308,0
20211014,cu2111,72530.0,70150.0,70100.0,141888.0,70680.0,73630.0,70480.0,193981,69470089750.0,159831.0,1.7976931348623157e+308,1.7976931348623157e+308,75760.0,64530.0,0.0,1.7976931348623157e+308,20:35:31,500,358128.320557168,20211013,72520.0,16,72530.0,9,1.7976931348623157e+308,0,1.7976931348623157e+308,0,1.7976931348623157e+308,0,1.7976931348623157e+308,0,1.7976931348623157e+308,0,1.7976931348623157e+308,0,1.7976931348623157e+308,0,1.7976931348623157e+308,0
20211014,cu2111,72530.0,70150.0,70100.0,141888.0,70680.0,73630.0,70480.0,194039,69491124800.0,159834.0,1.7976931348623157e+308,1.7976931348623157e+308,75760.0,64530.0,0.0,1.7976931348623157e+308,20:35:32,0,358129.6790851324,20211013,72530.0,20,72560.0,3,1.7976931348623157e+308,0,1.7976931348623157e+308,0,1.7976931348623157e+308,0,1.7976931348623157e+308,0,1.7976931348623157e+308,0,1.7976931348623157e+308,0,1.7976931348623157e+308,0,1.7976931348623157e+308,0
20211014,cu2111,72500.0,70150.0,70100.0,141888.0,70680.0,73630.0,70480.0,194114,69518318300.0,159867.0,1.7976931348623157e+308,1.7976931348623157e+308,75760.0,64530.0,0.0,1.7976931348623157e+308,20:35:32,500,358131.3985596093,20211013,72490.0,1,72500.0,31,1.7976931348623157e+308,0,1.7976931348623157e+308,0,1.7976931348623157e+308,0,1.7976931348623157e+308,0,1.7976931348623157e+308,0,1.7976931348623157e+308,0,1.7976931348623157e+308,0,1.7976931348623157e+308,0
20211014,cu2111,72490.0,70150.0,70100.0,141888.0,70680.0,73630.0,70480.0,194184,69543692350.0,159883.0,1.7976931348623157e+308,1.7976931348623157e+308,75760.0,64530.0,0.0,1.7976931348623157e+308,20:35:33,0,358132.9684732007,20211013,72480.0,3,72490.0,2,1.7976931348623157e+308,0,1.7976931348623157e+308,0,1.7976931348623157e+308,0,1.7976931348623157e+308,0,1.7976931348623157e+308,0,1.7976931348623157e+308,0,1.7976931348623157e+308,0,1.7976931348623157e+308,0
20211014,cu2111,72480.0,70150.0,70100.0,141888.0,70680.0,73630.0,70480.0,194214,69554563650.0,159875.0,1.7976931348623157e+308,1.7976931348623157e+308,75760.0,64530.0,0.0,1.7976931348623157e+308,20:35:33,500,358133.6239920912,20211013,72420.0,4,72480.0,1,1.7976931348623157e+308,0,1.7976931348623157e+308,0,1.7976931348623157e+308,0,1.7976931348623157e+308,0,1.7976931348623157e+308,0,1.7976931348623157e+308,0,1.7976931348623157e+308,0,1.7976931348623157e+308,0
20211014,cu2111,72460.0,70150.0,70100.0,141888.0,70680.0,73630.0,70480.0,194234,69561808650.0,159871.0,1.7976931348623157e+308,1.7976931348623157e+308,75760.0,64530.0,0.0,1.7976931348623157e+308,20:35:34,0,358134.04784950113,20211013,72440.0,4,72470.0,3,1.7976931348623157e+308,0,1.7976931348623157e+308,0,1.7976931348623157e+308,0,1.7976931348623157e+308,0,1.7976931348623157e+308,0,1.7976931348623157e+308,0,1.7976931348623157e+308,0,1.7976931348623157e+308,0
20211014,cu2111,72480.0,70150.0,70100.0,141888.0,70680.0,73630.0,70480.0,194268,69574127100.0,159866.0,1.7976931348623157e+308,1.7976931348623157e+308,75760.0,64530.0,0.0,1.7976931348623157e+308,20:35:34,500,358134.778244487,20211013,72430.0,16,72480.0,2,1.7976931348623157e+308,0,1.7976931348623157e+308,0,1.7976931348623157e+308,0,1.7976931348623157e+308,0,1.7976931348623157e+308,0,1.7976931348623157e+308,0,1.7976931348623157e+308,0,1.7976931348623157e+308,0
20211014,cu2111,72470.0,70150.0,70100.0,141888.0,70680.0,73630.0,70480.0,194275,69576663450.0,159867.0,1.7976931348623157e+308,1.7976931348623157e+308,75760.0,64530.0,0.0,1.7976931348623157e+308,20:35:35,0,358134.9296100888,20211013,72440.0,2,72470.0,2,1.7976931348623157e+308,0,1.7976931348623157e+308,0,1.7976931348623157e+308,0,1.7976931348623157e+308,0,1.7976931348623157e+308,0,1.7976931348623157e+308,0,1.7976931348623157e+308,0,1.7976931348623157e+308,0
20211014,cu2111,72460.0,70150.0,70100.0,141888.0,70680.0,73630.0,70480.0,194324,69594414150.0,159865.0,1.7976931348623157e+308,1.7976931348623157e+308,75760.0,64530.0,0.0,1.7976931348623157e+308,20:35:35,500,358135.9695662914,20211013,72450.0,1,72460.0,1,1.7976931348623157e+308,0,1.7976931348623157e+308,0,1.7976931348623157e+308,0,1.7976931348623157e+308,0,1.7976931348623157e+308,0,1.7976931348623157e+308,0,1.7976931348623157e+308,0,1.7976931348623157e+308,0
20211014,cu2111,72440.0,70150.0,70100.0,141888.0,70680.0,73630.0,70480.0,194340,69600210100.0,159860.0,1.7976931348623157e+308,1.7976931348623157e+308,75760.0,64530.0,0.0,1.7976931348623157e+308,20:35:36,0,358136.3080168776,20211013,72440.0,5,72450.0,1,1.7976931348623157e+308,0,1.7976931348623157e+308,0,1.7976931348623157e+308,0,1.7976931348623157e+308,0,1.7976931348623157e+308,0,1.7976931348623157e+308,0,1.7976931348623157e+308,0,1.7976931348623157e+308,0
20211014,cu2111,72490.0,70150.0,70100.0,141888.0,70680.0,73630.0,70480.0,194364,69608904750.0,159853.0,1.7976931348623157e+308,1.7976931348623157e+308,75760.0,64530.0,0.0,1.7976931348623157e+308,20:35:36,500,358136.8193183923,20211013,72470.0,21,72480.0,1,1.7976931348623157e+308,0,1.7976931348623157e+308,0,1.7976931348623157e+308,0,1.7976931348623157e+308,0,1.7976931348623157e+308,0,1.7976931348623157e+308,0,1.7976931348623157e+308,0,1.7976931348623157e+308,0
20211014,cu2111,72460.0,70150.0,70100.0,141888.0,70680.0,73630.0,70480.0,194407,69624486600.0,159823.0,1.7976931348623157e+308,1.7976931348623157e+308,75760.0,64530.0,0.0,1.7976931348623157e+308,20:35:37,0,358137.7553277403,20211013,72470.0,2,72490.0,2,1.7976931348623157e+308,0,1.7976931348623157e+308,0,1.7976931348623157e+308,0,1.7976931348623157e+308,0,1.7976931348623157e+308,0,1.7976931348623157e+308,0,1.7976931348623157e+308,0,1.7976931348623157e+308,0
20211014,cu2111,72490.0,70150.0,70100.0,141888.0,70680.0,73630.0,70480.0,194421,69629560500.0,159824.0,1.7976931348623157e+308,1.7976931348623157e+308,75760.0,64530.0,0.0,1.7976931348623157e+308,20:35:37,500,358138.06378940545,20211013,72490.0,1,72500.0,3,1.7976931348623157e+308,0,1.7976931348623157e+308,0,1.7976931348623157e+308,0,1.7976931348623157e+308,0,1.7976931348623157e+308,0,1.7976931348623157e+308,0,1.7976931348623157e+308,0,1.7976931348623157e+308,0
20211014,cu2111,72510.0,70150.0,70100.0,141888.0,70680.0,73630.0,70480.0,194460,69643694450.0,159804.0,1.7976931348623157e+308,1.7976931348623157e+308,75760.0,64530.0,0.0,1.7976931348623157e+308,20:35:38,0,358138.9203435154,20211013,72500.0,9,72520.0,122,1.7976931348623157e+308,0,1.7976931348623157e+308,0,1.7976931348623157e+308,0,1.7976931348623157e+308,0,1.7976931348623157e+308,0,1.7976931348623157e+308,0,1.7976931348623157e+308,0,1.7976931348623157e+308,0
20211014,cu2111,72490.0,70150.0,70100.0,141888.0,70680.0,73630.0,70480.0,194488,69653842150.0,159819.0,1.7976931348623157e+308,1.7976931348623157e+308,75760.0,64530.0,0.0,1.7976931348623157e+308,20:35:38,500,358139.536372424,20211013,72480.0,1,72490.0,5,1.7976931348623157e+308,0,1.7976931348623157e+308,0,1.7976931348623157e+308,0,1.7976931348623157e+308,0,1.7976931348623157e+308,0,1.7976931348623157e+308,0,1.7976931348623157e+308,0,1.7976931348623157e+308,0
20211014,cu2111,72500.0,70150.0,70100.0,141888.0,70680.0,73630.0,70480.0,194511,69662178250.0,159814.0,1.7976931348623157e+308,1.7976931348623157e+308,75760.0,64530.0,0.0,1.7976931348623157e+308,20:35:39,0,358140.04477895855,20211013,72500.0,2,72510.0,4,1.7976931348623157e+308,0,1.7976931348623157e+308,0,1.7976931348623157e+308,0,1.7976931348623157e+308,0,1.7976931348623157e+308,0,1.7976931348623157e+308,0,1.7976931348623157e+308,0,1.7976931348623157e+308,0
20211014,cu2111,72520.0,70150.0,70100.0,141888.0,70680.0,73630.0,70480.0,194553,69677407900.0,159800.0,1.7976931348623157e+308,1.7976931348623157e+308,75760.0,64530.0,0.0,1.7976931348623157e+308,20:35:39,500,358141.00990475604,20211013,72520.0,3,72550.0,1,1.7976931348623157e+308,0,1.7976931348623157e+308,0,1.7976931348623157e+308,0,1.7976931348623157e+308,0,1.7976931348623157e+308,0,1.7976931348623157e+308,0,1.7976931348623157e+308,0,1.7976931348623157e+308,0
20211014,cu2111,72520.0,70150.0,70100.0,141888.0,70680.0,73630.0,70480.0,194565,69681760050.0,159806.0,1.7976931348623157e+308,1.7976931348623157e+308,75760.0,64530.0,0.0,1.7976931348623157e+308,20:35:40,0,358141.2898003238,20211013,72520.0,10,72550.0,5,1.7976931348623157e+308,0,1.7976931348623157e+308,0,1.7976931348623157e+308,0,1.7976931348623157e+308,0,1.7976931348623157e+308,0,1.7976931348623157e+308,0,1.7976931348623157e+308,0,1.7976931348623157e+308,0
20211014,cu2111,72550.0,70150.0,70100.0,141888.0,70680.0,73630.0,70480.0,194575,69685387050.0,159806.0,1.7976931348623157e+308,1.7976931348623157e+308,75760.0,64530.0,0.0,1.7976931348623157e+308,20:35:40,500,358141.5240909675,20211013,72530.0,15,72550.0,2,1.7976931348623157e+308,0,1.7976931348623157e+308,0,1.7976931348623157e+308,0,1.7976931348623157e+308,0,1.7976931348623157e+308,0,1.7976931348623157e+308,0,1.7976931348623157e+308,0,1.7976931348623157e+308,0
20211014,cu2111,72580.0,70150.0,70100.0,141888.0,70680.0,73630.0,70480.0,194585,69689015100.0,159803.0,1.7976931348623157e+308,1.7976931348623157e+308,75760.0,64530.0,0.0,1.7976931348623157e+308,20:35:41,0,358141.7637536295,20211013,72550.0,5,72590.0,5,1.7976931348623157e+308,0,1.7976931348623157e+308,0,1.7976931348623157e+308,0,1.7976931348623157e+308,0,1.7976931348623157e+308,0,1.7976931348623157e+308,0,1.7976931348623157e+308,0,1.7976931348623157e+308,0
20211014,cu2111,72590.0,70150.0,70100.0,141888.0,70680.0,73630.0,70480.0,194591,69691192550.0,159806.0,1.7976931348623157e+308,1.7976931348623157e+308,75760.0,64530.0,0.0,1.7976931348623157e+308,20:35:41,500,358141.91072557314,20211013,72560.0,5,72590.0,8,1.7976931348623157e+308,0,1.7976931348623157e+308,0,1.7976931348623157e+308,0,1.7976931348623157e+308,0,1.7976931348623157e+308,0,1.7976931348623157e+308,0,1.7976931348623157e+308,0,1.7976931348623157e+308,0
20211014,cu2111,72550.0,70150.0,70100.0,141888.0,70680.0,73630.0,70480.0,194624,69703167400.0,159808.0,1.7976931348623157e+308,1.7976931348623157e+308,75760.0,64530.0,0.0,1.7976931348623157e+308,20:35:42,0,358142.713128905,20211013,72550.0,11,72590.0,1,1.7976931348623157e+308,0,1.7976931348623157e+308,0,1.7976931348623157e+308,0,1.7976931348623157e+308,0,1.7976931348623157e+308,0,1.7976931348623157e+308,0,1.7976931348623157e+308,0,1.7976931348623157e+308,0
20211014,cu2111,72590.0,70150.0,70100.0,141888.0,70680.0,73630.0,70480.0,194634,69706796250.0,159811.0,1.7976931348623157e+308,1.7976931348623157e+308,75760.0,64530.0,0.0,1.7976931348623157e+308,20:35:42,500,358142.95678041864,20211013,72560.0,15,72590.0,6,1.7976931348623157e+308,0,1.7976931348623157e+308,0,1.7976931348623157e+308,0,1.7976931348623157e+308,0,1.7976931348623157e+308,0,1.7976931348623157e+308,0,1.7976931348623157e+308,0,1.7976931348623157e+308,0
20211014,cu2111,72550.0,70150.0,70100.0,141888.0,70680.0,73630.0,70480.0,194668,69719132200.0,159816.0,1.7976931348623157e+308,1.7976931348623157e+308,75760.0,64530.0,0.0,1.7976931348623157e+308,20:35:43,0,358143.7740152465,20211013,72540.0,4,72550.0,37,1.7976931348623157e+308,0,1.7976931348623157e+308,0,1.7976931348623157e+308,0,1.7976931348623157e+308,0,1.7976931348623157e+308,0,1.7976931348623157e+308,0,1.7976931348623157e+308,0,1.7976931348623157e+308,0
20211014,cu2111,72590.0,70150.0,70100.0,141888.0,70680.0,73630.0,70480.0,194721,69738358250.0,159842.0,1.7976931348623157e+308,1.7976931348623157e+308,75760.0,64530.0,0.0,1.7976931348623157e+308,20:35:43,500,358145.0292983294,20211013,72590.0,1,72600.0,5,1.7976931348623157e+308,0,1.7976931348623157e+308,0,1.7976931348623157e+308,0,1.7976931348623157e+308,0,1.7976931348623157e+308,0,1.7976931348623157e+308,0,1.7976931348623157e+308,0,1.7976931348623157e+308,0
20211014,cu2111,72550.0,70150.0,70100.0,141888.0,70680.0,73630.0,70480.0,194735,69743438500.0,159835.0,1.7976931348623157e+308,1.7976931348623157e+308,75760.0,64530.0,0.0,1.7976931348623157e+308,20:35:44,0,358145.36934808845,20211013,72550.0,12,72590.0,44,1.7976931348623157e+308,0,1.7976931348623157e+308,0,1.7976931348623157e+308,0,1.7976931348623157e+308,0,1.7976931348623157e+308,0,1.7976931348623157e+308,0,1.7976931348623157e+308,0,1.7976931348623157e+308,0
20211014,cu2111,72550.0,70150.0,70100.0,141888.0,70680.0,73630.0,70480.0,194757,69751419450.0,159838.0,1.7976931348623157e+308,1.7976931348623157e+308,75760.0,64530.0,0.0,1.7976931348623157e+308,20:35:44,500,358145.8918036322,20211013,72550.0,1,72560.0,12,1.7976931348623157e+308,0,1.7976931348623157e+308,0,1.7976931348623157e+308,0,1.7976931348623157e+308,0,1.7976931348623157e+308,0,1.7976931348623157e+308,0,1.7976931348623157e+308,0,1.7976931348623157e+308,0
20211014,cu2111,72590.0,70150.0,70100.0,141888.0,70680.0,73630.0,70480.0,194778,69759038500.0,159836.0,1.7976931348623157e+308,1.7976931348623157e+308,75760.0,64530.0,0.0,1.7976931348623157e+308,20:35:45,0,358146.3948700572,20211013,72560.0,1,72590.0,36,1.7976931348623157e+308,0,1.7976931348623157e+308,0,1.7976931348623157e+308,0,1.7976931348623157e+308,0,1.7976931348623157e+308,0,1.7976931348623157e+308,0,1.7976931348623157e+308,0,1.7976931348623157e+308,0
20211014,cu2111,72580.0,70150.0,70100.0,141888.0,70680.0,73630.0,70480.0,194781,69760127050.0,159837.0,1.7976931348623157e+308,1.7976931348623157e+308,75760.0,64530.0,0.0,1.7976931348623157e+308,20:35:45,500,358146.4673145738,20211013,72560.0,4,72580.0,5,1.7976931348623157e+308,0,1.7976931348623157e+308,0,1.7976931348623157e+308,0,1.7976931348623157e+308,0,1.7976931348623157e+308,0,1.7976931348623157e+308,0,1.7976931348623157e+308,0,1.7976931348623157e+308,0
20211014,cu2111,72590.0,70150.0,70100.0,141888.0,70680.0,73630.0,70480.0,194802,69767748550.0,159850.0,1.7976931348623157e+308,1.7976931348623157e+308,75760.0,64530.0,0.0,1.7976931348623157e+308,20:35:46,0,358146.9828338518,20211013,72560.0,9,72590.0,21,1.7976931348623157e+308,0,1.7976931348623157e+308,0,1.7976931348623157e+308,0,1.7976931348623157e+308,0,1.7976931348623157e+308,0,1.7976931348623157e+308,0,1.7976931348623157e+308,0,1.7976931348623157e+308,0
20211014,cu2111,72590.0,70150.0,70100.0,141888.0,70680.0,73630.0,70480.0,194817,69773192350.0,159845.0,1.7976931348623157e+308,1.7976931348623157e+308,75760.0,64530.0,0.0,1.7976931348623157e+308,20:35:46,500,358147.3503339031,20211013,72570.0,1,72590.0,13,1.7976931348623157e+308,0,1.7976931348623157e+308,0,1.7976931348623157e+308,0,1.7976931348623157e+308,0,1.7976931348623157e+308,0,1.7976931348623157e+308,0,1.7976931348623157e+308,0,1.7976931348623157e+308,0
20211014,cu2111,72590.0,70150.0,70100.0,141888.0,70680.0,73630.0,70480.0,194842,69782266300.0,159841.0,1.7976931348623157e+308,1.7976931348623157e+308,75760.0,64530.0,0.0,1.7976931348623157e+308,20:35:47,0,358147.9675839911,20211013,72590.0,16,72610.0,17,1.7976931348623157e+308,0,1.7976931348623157e+308,0,1.7976931348623157e+308,0,1.7976931348623157e+308,0,1.7976931348623157e+308,0,1.7976931348623157e+308,0,1.7976931348623157e+308,0,1.7976931348623157e+308,0
