TradingDay,InstrumentID,LastPrice,PreSettlementPrice,PreClosePrice,PreOpenInterest,OpenPrice,HighestPrice,LowestPrice,Volume,Turnover,OpenInterest,ClosePrice,SettlementPrice,UpperLimitPrice,LowerLimitPrice,PreDelta,CurrDelta,UpdateTime,UpdateMillisec,BidPrice1,BidVolume1,AskPrice1,AskVolume1,AveragePrice,ActionDay
20211008,cu2110,69400.0,68450.0,68350.0,0.0,69290.0,69920.0,69290.0,17060,5937593750.0,37295.0,1.7976931348623157e+308,1.7976931348623157e+308,74610.0,62280.0,0.0,1.7976931348623157e+308,16:03:04,500,69400.0,40,69420.0,5,348041.83763188747,20211007
20211008,cu2110,69400.0,68450.0,68350.0,0.0,69290.0,69920.0,69290.0,17060,5937593750.0,37295.0,1.7976931348623157e+308,1.7976931348623157e+308,74610.0,62280.0,0.0,1.7976931348623157e+308,16:03:09,500,69400.0,40,69450.0,5,348041.83763188747,20211007
20211008,cu2110,69400.0,68450.0,68350.0,0.0,69290.0,69920.0,69290.0,17060,5937593750.0,37295.0,1.7976931348623157e+308,1.7976931348623157e+308,74610.0,62280.0,0.0,1.7976931348623157e+308,16:03:10,0,69400.0,40,69430.0,5,348041.83763188747,20211007
20211008,cu2110,69400.0,68450.0,68350.0,0.0,69290.0,69920.0,69290.0,17060,5937593750.0,37295.0,1.7976931348623157e+308,1.7976931348623157e+308,74610.0,62280.0,0.0,1.7976931348623157e+308,16:03:10,500,69400.0,40,69430.0,5,348041.83763188747,20211007
20211008,cu2110,69400.0,68450.0,68350.0,0.0,69290.0,69920.0,69290.0,17060,5937593750.0,37295.0,1.7976931348623157e+308,1.7976931348623157e+308,74610.0,62280.0,0.0,1.7976931348623157e+308,16:03:13,0,69400.0,40,69460.0,5,348041.83763188747,20211007
20211008,cu2110,69400.0,68450.0,68350.0,0.0,69290.0,69920.0,69290.0,17060,5937593750.0,37295.0,1.7976931348623157e+308,1.7976931348623157e+308,74610.0,62280.0,0.0,1.7976931348623157e+308,16:03:13,500,69400.0,40,69440.0,10,348041.83763188747,20211007
20211008,cu2110,69400.0,68450.0,68350.0,0.0,69290.0,69920.0,69290.0,17060,5937593750.0,37295.0,1.7976931348623157e+308,1.7976931348623157e+308,74610.0,62280.0,0.0,1.7976931348623157e+308,16:03:14,0,69400.0,40,69430.0,5,348041.83763188747,20211007
20211008,cu2110,69430.0,68450.0,68350.0,0.0,69290.0,69920.0,69290.0,17065,5939329500.0,37295.0,1.7976931348623157e+308,1.7976931348623157e+308,74610.0,62280.0,0.0,1.7976931348623157e+308,16:03:14,500,69430.0,30,69460.0,10,348041.5763258131,20211007
20211008,cu2110,69430.0,68450.0,68350.0,0.0,69290.0,69920.0,69290.0,17065,5939329500.0,37295.0,1.7976931348623157e+308,1.7976931348623157e+308,74610.0,62280.0,0.0,1.7976931348623157e+308,16:03:15,0,69430.0,30,69440.0,5,348041.5763258131,20211007
20211008,cu2110,69430.0,68450.0,68350.0,0.0,69290.0,69920.0,69290.0,17065,5939329500.0,37295.0,1.7976931348623157e+308,1.7976931348623157e+308,74610.0,62280.0,0.0,1.7976931348623157e+308,16:03:15,500,69430.0,30,69440.0,5,348041.5763258131,20211007
20211008,cu2110,69430.0,68450.0,68350.0,0.0,69290.0,69920.0,69290.0,17065,5939329500.0,37295.0,1.7976931348623157e+308,1.7976931348623157e+308,74610.0,62280.0,0.0,1.7976931348623157e+308,16:03:16,0,69430.0,30,69440.0,5,348041.5763258131,20211007
20211008,cu2110,69430.0,68450.0,68350.0,0.0,69290.0,69920.0,69290.0,17065,5939329500.0,37295.0,1.7976931348623157e+308,1.7976931348623157e+308,74610.0,62280.0,0.0,1.7976931348623157e+308,16:03:20,0,69430.0,30,69460.0,50,348041.5763258131,20211007
20211008,cu2110,69430.0,68450.0,68350.0,0.0,69290.0,69920.0,69290.0,17090,5948008250.0,37295.0,1.7976931348623157e+308,1.7976931348623157e+308,74610.0,62280.0,0.0,1.7976931348623157e+308,16:03:20,500,69430.0,5,69440.0,10,348040.2720889409,20211007
20211008,cu2110,69430.0,68450.0,68350.0,0.0,69290.0,69920.0,69290.0,17090,5948008250.0,37295.0,1.7976931348623157e+308,1.7976931348623157e+308,74610.0,62280.0,0.0,1.7976931348623157e+308,16:03:21,0,69430.0,5,69440.0,15,348040.2720889409,20211007
20211008,cu2110,69430.0,68450.0,68350.0,0.0,69290.0,69920.0,69290.0,17090,5948008250.0,37295.0,1.7976931348623157e+308,1.7976931348623157e+308,74610.0,62280.0,0.0,1.7976931348623157e+308,16:03:22,500,69430.0,5,69440.0,15,348040.2720889409,20211007
20211008,cu2110,69430.0,68450.0,68350.0,0.0,69290.0,69920.0,69290.0,17090,5948008250.0,37295.0,1.7976931348623157e+308,1.7976931348623157e+308,74610.0,62280.0,0.0,1.7976931348623157e+308,16:03:24,500,69430.0,5,69460.0,50,348040.2720889409,20211007
20211008,cu2110,69430.0,68450.0,68350.0,0.0,69290.0,69920.0,69290.0,17090,5948008250.0,37295.0,1.7976931348623157e+308,1.7976931348623157e+308,74610.0,62280.0,0.0,1.7976931348623157e+308,16:03:25,0,69430.0,5,69450.0,10,348040.2720889409,20211007
20211008,cu2110,69430.0,68450.0,68350.0,0.0,69290.0,69920.0,69290.0,17090,5948008250.0,37295.0,1.7976931348623157e+308,1.7976931348623157e+308,74610.0,62280.0,0.0,1.7976931348623157e+308,16:03:25,500,69430.0,5,69450.0,15,348040.2720889409,20211007
20211008,cu2110,69430.0,68450.0,68350.0,0.0,69290.0,69920.0,69290.0,17090,5948008250.0,37295.0,1.7976931348623157e+308,1.7976931348623157e+308,74610.0,62280.0,0.0,1.7976931348623157e+308,16:03:30,0,69430.0,10,69460.0,45,348040.2720889409,20211007
20211008,cu2110,69430.0,68450.0,68350.0,0.0,69290.0,69920.0,69290.0,17090,5948008250.0,37295.0,1.7976931348623157e+308,1.7976931348623157e+308,74610.0,62280.0,0.0,1.7976931348623157e+308,16:03:30,500,69430.0,10,69460.0,60,348040.2720889409,20211007
20211008,cu2110,69430.0,68450.0,68350.0,0.0,69290.0,69920.0,69290.0,17090,5948008250.0,37295.0,1.7976931348623157e+308,1.7976931348623157e+308,74610.0,62280.0,0.0,1.7976931348623157e+308,16:03:31,500,69430.0,10,69460.0,55,348040.2720889409,20211007
20211008,cu2110,69430.0,68450.0,68350.0,0.0,69290.0,69920.0,69290.0,17090,5948008250.0,37295.0,1.7976931348623157e+308,1.7976931348623157e+308,74610.0,62280.0,0.0,1.7976931348623157e+308,16:03:32,0,69430.0,10,69460.0,60,348040.2720889409,20211007
20211008,cu2110,69430.0,68450.0,68350.0,0.0,69290.0,69920.0,69290.0,17090,5948008250.0,37295.0,1.7976931348623157e+308,1.7976931348623157e+308,74610.0,62280.0,0.0,1.7976931348623157e+308,16:03:32,500,69430.0,10,69450.0,5,348040.2720889409,20211007
20211008,cu2110,69430.0,68450.0,68350.0,0.0,69290.0,69920.0,69290.0,17090,5948008250.0,37295.0,1.7976931348623157e+308,1.7976931348623157e+308,74610.0,62280.0,0.0,1.7976931348623157e+308,16:03:33,0,69430.0,10,69440.0,10,348040.2720889409,20211007
20211008,cu2110,69430.0,68450.0,68350.0,0.0,69290.0,69920.0,69290.0,17100,5951479750.0,37295.0,1.7976931348623157e+308,1.7976931348623157e+308,74610.0,62280.0,0.0,1.7976931348623157e+308,16:03:33,500,69400.0,40,69430.0,10,348039.7514619883,20211007
20211008,cu2110,69430.0,68450.0,68350.0,0.0,69290.0,69920.0,69290.0,17100,5951479750.0,37295.0,1.7976931348623157e+308,1.7976931348623157e+308,74610.0,62280.0,0.0,1.7976931348623157e+308,16:03:34,0,69400.0,40,69460.0,55,348039.7514619883,20211007
20211008,cu2110,69430.0,68450.0,68350.0,0.0,69290.0,69920.0,69290.0,17100,5951479750.0,37295.0,1.7976931348623157e+308,1.7976931348623157e+308,74610.0,62280.0,0.0,1.7976931348623157e+308,16:03:34,500,69400.0,40,69440.0,5,348039.7514619883,20211007
20211008,cu2110,69430.0,68450.0,68350.0,0.0,69290.0,69920.0,69290.0,17100,5951479750.0,37295.0,1.7976931348623157e+308,1.7976931348623157e+308,74610.0,62280.0,0.0,1.7976931348623157e+308,16:03:35,0,69400.0,40,69440.0,10,348039.7514619883,20211007
20211008,cu2110,69430.0,68450.0,68350.0,0.0,69290.0,69920.0,69290.0,17100,5951479750.0,37295.0,1.7976931348623157e+308,1.7976931348623157e+308,74610.0,62280.0,0.0,1.7976931348623157e+308,16:03:35,500,69400.0,40,69440.0,10,348039.7514619883,20211007
20211008,cu2110,69430.0,68450.0,68350.0,0.0,69290.0,69920.0,69290.0,17100,5951479750.0,37295.0,1.7976931348623157e+308,1.7976931348623157e+308,74610.0,62280.0,0.0,1.7976931348623157e+308,16:03:36,500,69400.0,40,69440.0,5,348039.7514619883,20211007
20211008,cu2110,69430.0,68450.0,68350.0,0.0,69290.0,69920.0,69290.0,17100,5951479750.0,37295.0,1.7976931348623157e+308,1.7976931348623157e+308,74610.0,62280.0,0.0,1.7976931348623157e+308,16:03:37,0,69400.0,40,69430.0,5,348039.7514619883,20211007
20211008,cu2110,69430.0,68450.0,68350.0,0.0,69290.0,69920.0,69290.0,17100,5951479750.0,37295.0,1.7976931348623157e+308,1.7976931348623157e+308,74610.0,62280.0,0.0,1.7976931348623157e+308,16:03:37,500,69400.0,40,69430.0,10,348039.7514619883,20211007
20211008,cu2110,69430.0,68450.0,68350.0,0.0,69290.0,69920.0,69290.0,17100,5951479750.0,37295.0,1.7976931348623157e+308,1.7976931348623157e+308,74610.0,62280.0,0.0,1.7976931348623157e+308,16:03:38,0,69400.0,40,69430.0,10,348039.7514619883,20211007
20211008,cu2110,69430.0,68450.0,68350.0,0.0,69290.0,69920.0,69290.0,17100,5951479750.0,37295.0,1.7976931348623157e+308,1.7976931348623157e+308,74610.0,62280.0,0.0,1.7976931348623157e+308,16:03:38,500,69400.0,40,69430.0,15,348039.7514619883,20211007
20211008,cu2110,69430.0,68450.0,68350.0,0.0,69290.0,69920.0,69290.0,17100,5951479750.0,37295.0,1.7976931348623157e+308,1.7976931348623157e+308,74610.0,62280.0,0.0,1.7976931348623157e+308,16:03:39,0,69400.0,40,69420.0,5,348039.7514619883,20211007
20211008,cu2110,69430.0,68450.0,68350.0,0.0,69290.0,69920.0,69290.0,17100,5951479750.0,37295.0,1.7976931348623157e+308,1.7976931348623157e+308,74610.0,62280.0,0.0,1.7976931348623157e+308,16:03:39,500,69400.0,40,69420.0,10,348039.7514619883,20211007
20211008,cu2110,69430.0,68450.0,68350.0,0.0,69290.0,69920.0,69290.0,17100,5951479750.0,37295.0,1.7976931348623157e+308,1.7976931348623157e+308,74610.0,62280.0,0.0,1.7976931348623157e+308,16:03:41,0,69400.0,40,69430.0,5,348039.7514619883,20211007
20211008,cu2110,69430.0,68450.0,68350.0,0.0,69290.0,69920.0,69290.0,17100,5951479750.0,37295.0,1.7976931348623157e+308,1.7976931348623157e+308,74610.0,62280.0,0.0,1.7976931348623157e+308,16:03:41,500,69400.0,40,69430.0,15,348039.7514619883,20211007
20211008,cu2110,69430.0,68450.0,68350.0,0.0,69290.0,69920.0,69290.0,17100,5951479750.0,37295.0,1.7976931348623157e+308,1.7976931348623157e+308,74610.0,62280.0,0.0,1.7976931348623157e+308,16:03:44,500,69400.0,40,69430.0,15,348039.7514619883,20211007
20211008,cu2110,69430.0,68450.0,68350.0,0.0,69290.0,69920.0,69290.0,17100,5951479750.0,37295.0,1.7976931348623157e+308,1.7976931348623157e+308,74610.0,62280.0,0.0,1.7976931348623157e+308,16:03:47,500,69400.0,40,69430.0,10,348039.7514619883,20211007
20211008,cu2110,69430.0,68450.0,68350.0,0.0,69290.0,69920.0,69290.0,17100,5951479750.0,37295.0,1.7976931348623157e+308,1.7976931348623157e+308,74610.0,62280.0,0.0,1.7976931348623157e+308,16:03:48,0,69400.0,40,69420.0,5,348039.7514619883,20211007
20211008,cu2110,69430.0,68450.0,68350.0,0.0,69290.0,69920.0,69290.0,17100,5951479750.0,37295.0,1.7976931348623157e+308,1.7976931348623157e+308,74610.0,62280.0,0.0,1.7976931348623157e+308,16:03:48,500,69400.0,40,69420.0,10,348039.7514619883,20211007
20211008,cu2110,69400.0,68450.0,68350.0,0.0,69290.0,69920.0,69290.0,17120,5958419750.0,37300.0,1.7976931348623157e+308,1.7976931348623157e+308,74610.0,62280.0,0.0,1.7976931348623157e+308,16:03:49,0,69400.0,20,69420.0,15,348038.5367990654,20211007
20211008,cu2110,69400.0,68450.0,68350.0,0.0,69290.0,69920.0,69290.0,17145,5967094750.0,37310.0,1.7976931348623157e+308,1.7976931348623157e+308,74610.0,62280.0,0.0,1.7976931348623157e+308,16:03:49,500,69390.0,10,69400.0,10,348037.0224555264,20211007
20211008,cu2110,69400.0,68450.0,68350.0,0.0,69290.0,69920.0,69290.0,17145,5967094750.0,37310.0,1.7976931348623157e+308,1.7976931348623157e+308,74610.0,62280.0,0.0,1.7976931348623157e+308,16:03:50,0,69390.0,10,69400.0,10,348037.0224555264,20211007
20211008,cu2110,69390.0,68450.0,68350.0,0.0,69290.0,69920.0,69290.0,17155,5970564250.0,37310.0,1.7976931348623157e+308,1.7976931348623157e+308,74610.0,62280.0,0.0,1.7976931348623157e+308,16:03:50,500,69350.0,5,69420.0,5,348036.3888079277,20211007
20211008,cu2110,69350.0,68450.0,68350.0,0.0,69290.0,69920.0,69290.0,17160,5972298000.0,37305.0,1.7976931348623157e+308,1.7976931348623157e+308,74610.0,62280.0,0.0,1.7976931348623157e+308,16:03:51,0,69340.0,5,69400.0,10,348036.013986014,20211007
20211008,cu2110,69350.0,68450.0,68350.0,0.0,69290.0,69920.0,69290.0,17160,5972298000.0,37305.0,1.7976931348623157e+308,1.7976931348623157e+308,74610.0,62280.0,0.0,1.7976931348623157e+308,16:03:51,500,69340.0,10,69400.0,5,348036.013986014,20211007
20211008,cu2110,69350.0,68450.0,68350.0,0.0,69290.0,69920.0,69290.0,17160,5972298000.0,37305.0,1.7976931348623157e+308,1.7976931348623157e+308,74610.0,62280.0,0.0,1.7976931348623157e+308,16:03:53,0,69340.0,10,69400.0,10,348036.013986014,20211007
20211008,cu2110,69350.0,68450.0,68350.0,0.0,69290.0,69920.0,69290.0,17160,5972298000.0,37305.0,1.7976931348623157e+308,1.7976931348623157e+308,74610.0,62280.0,0.0,1.7976931348623157e+308,16:03:54,500,69340.0,10,69400.0,10,348036.013986014,20211007
20211008,cu2110,69350.0,68450.0,68350.0,0.0,69290.0,69920.0,69290.0,17160,5972298000.0,37305.0,1.7976931348623157e+308,1.7976931348623157e+308,74610.0,62280.0,0.0,1.7976931348623157e+308,16:03:58,500,69340.0,10,69400.0,15,348036.013986014,20211007
20211008,cu2110,69350.0,68450.0,68350.0,0.0,69290.0,69920.0,69290.0,17160,5972298000.0,37305.0,1.7976931348623157e+308,1.7976931348623157e+308,74610.0,62280.0,0.0,1.7976931348623157e+308,16:03:59,0,69340.0,10,69400.0,20,348036.013986014,20211007
20211008,cu2110,69350.0,68450.0,68350.0,0.0,69290.0,69920.0,69290.0,17160,5972298000.0,37305.0,1.7976931348623157e+308,1.7976931348623157e+308,74610.0,62280.0,0.0,1.7976931348623157e+308,16:04:00,0,69340.0,10,69400.0,40,348036.013986014,20211007
20211008,cu2110,69350.0,68450.0,68350.0,0.0,69290.0,69920.0,69290.0,17160,5972298000.0,37305.0,1.7976931348623157e+308,1.7976931348623157e+308,74610.0,62280.0,0.0,1.7976931348623157e+308,16:04:03,0,69340.0,5,69400.0,40,348036.013986014,20211007
20211008,cu2110,69350.0,68450.0,68350.0,0.0,69290.0,69920.0,69290.0,17160,5972298000.0,37305.0,1.7976931348623157e+308,1.7976931348623157e+308,74610.0,62280.0,0.0,1.7976931348623157e+308,16:04:03,500,69340.0,5,69390.0,5,348036.013986014,20211007
20211008,cu2110,69350.0,68450.0,68350.0,0.0,69290.0,69920.0,69290.0,17160,5972298000.0,37305.0,1.7976931348623157e+308,1.7976931348623157e+308,74610.0,62280.0,0.0,1.7976931348623157e+308,16:04:04,0,69340.0,5,69390.0,15,348036.013986014,20211007
20211008,cu2110,69350.0,68450.0,68350.0,0.0,69290.0,69920.0,69290.0,17160,5972298000.0,37305.0,1.7976931348623157e+308,1.7976931348623157e+308,74610.0,62280.0,0.0,1.7976931348623157e+308,16:04:05,0,69340.0,5,69390.0,25,348036.013986014,20211007
20211008,cu2110,69350.0,68450.0,68350.0,0.0,69290.0,69920.0,69290.0,17160,5972298000.0,37305.0,1.7976931348623157e+308,1.7976931348623157e+308,74610.0,62280.0,0.0,1.7976931348623157e+308,16:04:05,500,69340.0,5,69380.0,10,348036.013986014,20211007
20211008,cu2110,69350.0,68450.0,68350.0,0.0,69290.0,69920.0,69290.0,17160,5972298000.0,37305.0,1.7976931348623157e+308,1.7976931348623157e+308,74610.0,62280.0,0.0,1.7976931348623157e+308,16:04:06,0,69340.0,5,69380.0,10,348036.013986014,20211007
20211008,cu2110,69350.0,68450.0,68350.0,0.0,69290.0,69920.0,69290.0,17160,5972298000.0,37305.0,1.7976931348623157e+308,1.7976931348623157e+308,74610.0,62280.0,0.0,1.7976931348623157e+308,16:04:06,500,69340.0,5,69380.0,10,348036.013986014,20211007
20211008,cu2110,69350.0,68450.0,68350.0,0.0,69290.0,69920.0,69290.0,17160,5972298000.0,37305.0,1.7976931348623157e+308,1.7976931348623157e+308,74610.0,62280.0,0.0,1.7976931348623157e+308,16:04:07,0,69340.0,5,69380.0,20,348036.013986014,20211007
20211008,cu2110,69350.0,68450.0,68350.0,0.0,69290.0,69920.0,69290.0,17160,5972298000.0,37305.0,1.7976931348623157e+308,1.7976931348623157e+308,74610.0,62280.0,0.0,1.7976931348623157e+308,16:04:07,500,69320.0,50,69380.0,20,348036.013986014,20211007
20211008,cu2110,69350.0,68450.0,68350.0,0.0,69290.0,69920.0,69290.0,17160,5972298000.0,37305.0,1.7976931348623157e+308,1.7976931348623157e+308,74610.0,62280.0,0.0,1.7976931348623157e+308,16:04:08,0,69320.0,55,69380.0,15,348036.013986014,20211007
20211008,cu2110,69350.0,68450.0,68350.0,0.0,69290.0,69920.0,69290.0,17160,5972298000.0,37305.0,1.7976931348623157e+308,1.7976931348623157e+308,74610.0,62280.0,0.0,1.7976931348623157e+308,16:04:08,500,69320.0,55,69380.0,10,348036.013986014,20211007
20211008,cu2110,69350.0,68450.0,68350.0,0.0,69290.0,69920.0,69290.0,17160,5972298000.0,37305.0,1.7976931348623157e+308,1.7976931348623157e+308,74610.0,62280.0,0.0,1.7976931348623157e+308,16:04:09,0,69320.0,55,69380.0,15,348036.013986014,20211007
20211008,cu2110,69350.0,68450.0,68350.0,0.0,69290.0,69920.0,69290.0,17160,5972298000.0,37305.0,1.7976931348623157e+308,1.7976931348623157e+308,74610.0,62280.0,0.0,1.7976931348623157e+308,16:04:10,0,69320.0,55,69380.0,15,348036.013986014,20211007
20211008,cu2110,69350.0,68450.0,68350.0,0.0,69290.0,69920.0,69290.0,17160,5972298000.0,37305.0,1.7976931348623157e+308,1.7976931348623157e+308,74610.0,62280.0,0.0,1.7976931348623157e+308,16:04:14,0,69320.0,50,69380.0,15,348036.013986014,20211007
20211008,cu2110,69350.0,68450.0,68350.0,0.0,69290.0,69920.0,69290.0,17160,5972298000.0,37305.0,1.7976931348623157e+308,1.7976931348623157e+308,74610.0,62280.0,0.0,1.7976931348623157e+308,16:04:14,500,69320.0,50,69380.0,30,348036.013986014,20211007
20211008,cu2110,69350.0,68450.0,68350.0,0.0,69290.0,69920.0,69290.0,17160,5972298000.0,37305.0,1.7976931348623157e+308,1.7976931348623157e+308,74610.0,62280.0,0.0,1.7976931348623157e+308,16:04:15,0,69320.0,55,69380.0,15,348036.013986014,20211007
20211008,cu2110,69350.0,68450.0,68350.0,0.0,69290.0,69920.0,69290.0,17160,5972298000.0,37305.0,1.7976931348623157e+308,1.7976931348623157e+308,74610.0,62280.0,0.0,1.7976931348623157e+308,16:04:18,500,69320.0,55,69370.0,5,348036.013986014,20211007
20211008,cu2110,69350.0,68450.0,68350.0,0.0,69290.0,69920.0,69290.0,17160,5972298000.0,37305.0,1.7976931348623157e+308,1.7976931348623157e+308,74610.0,62280.0,0.0,1.7976931348623157e+308,16:04:19,0,69320.0,55,69370.0,5,348036.013986014,20211007
20211008,cu2110,69350.0,68450.0,68350.0,0.0,69290.0,69920.0,69290.0,17160,5972298000.0,37305.0,1.7976931348623157e+308,1.7976931348623157e+308,74610.0,62280.0,0.0,1.7976931348623157e+308,16:04:20,0,69320.0,55,69370.0,5,348036.013986014,20211007
20211008,cu2110,69350.0,68450.0,68350.0,0.0,69290.0,69920.0,69290.0,17160,5972298000.0,37305.0,1.7976931348623157e+308,1.7976931348623157e+308,74610.0,62280.0,0.0,1.7976931348623157e+308,16:04:20,500,69320.0,55,69370.0,10,348036.013986014,20211007
20211008,cu2110,69350.0,68450.0,68350.0,0.0,69290.0,69920.0,69290.0,17160,5972298000.0,37305.0,1.7976931348623157e+308,1.7976931348623157e+308,74610.0,62280.0,0.0,1.7976931348623157e+308,16:04:26,500,69320.0,50,69360.0,5,348036.013986014,20211007
20211008,cu2110,69350.0,68450.0,68350.0,0.0,69290.0,69920.0,69290.0,17160,5972298000.0,37305.0,1.7976931348623157e+308,1.7976931348623157e+308,74610.0,62280.0,0.0,1.7976931348623157e+308,16:04:27,0,69320.0,50,69360.0,5,348036.013986014,20211007
20211008,cu2110,69350.0,68450.0,68350.0,0.0,69290.0,69920.0,69290.0,17160,5972298000.0,37305.0,1.7976931348623157e+308,1.7976931348623157e+308,74610.0,62280.0,0.0,1.7976931348623157e+308,16:04:27,500,69320.0,50,69360.0,5,348036.013986014,20211007
20211008,cu2110,69350.0,68450.0,68350.0,0.0,69290.0,69920.0,69290.0,17160,5972298000.0,37305.0,1.7976931348623157e+308,1.7976931348623157e+308,74610.0,62280.0,0.0,1.7976931348623157e+308,16:04:28,0,69320.0,50,69360.0,10,348036.013986014,20211007
20211008,cu2110,69350.0,68450.0,68350.0,0.0,69290.0,69920.0,69290.0,17160,5972298000.0,37305.0,1.7976931348623157e+308,1.7976931348623157e+308,74610.0,62280.0,0.0,1.7976931348623157e+308,16:04:28,500,69350.0,20,69360.0,10,348036.013986014,20211007
20211008,cu2110,69350.0,68450.0,68350.0,0.0,69290.0,69920.0,69290.0,17160,5972298000.0,37305.0,1.7976931348623157e+308,1.7976931348623157e+308,74610.0,62280.0,0.0,1.7976931348623157e+308,16:04:29,500,69350.0,20,69360.0,5,348036.013986014,20211007
20211008,cu2110,69350.0,68450.0,68350.0,0.0,69290.0,69920.0,69290.0,17160,5972298000.0,37305.0,1.7976931348623157e+308,1.7976931348623157e+308,74610.0,62280.0,0.0,1.7976931348623157e+308,16:04:30,0,69350.0,20,69360.0,15,348036.013986014,20211007
20211008,cu2110,69360.0,68450.0,68350.0,0.0,69290.0,69920.0,69290.0,17175,5977500000.0,37300.0,1.7976931348623157e+308,1.7976931348623157e+308,74610.0,62280.0,0.0,1.7976931348623157e+308,16:04:33,500,69350.0,40,69390.0,5,348034.9344978166,20211007
20211008,cu2110,69360.0,68450.0,68350.0,0.0,69290.0,69920.0,69290.0,17175,5977500000.0,37300.0,1.7976931348623157e+308,1.7976931348623157e+308,74610.0,62280.0,0.0,1.7976931348623157e+308,16:04:34,0,69350.0,40,69370.0,5,348034.9344978166,20211007
20211008,cu2110,69360.0,68450.0,68350.0,0.0,69290.0,69920.0,69290.0,17175,5977500000.0,37300.0,1.7976931348623157e+308,1.7976931348623157e+308,74610.0,62280.0,0.0,1.7976931348623157e+308,16:04:34,500,69350.0,40,69370.0,5,348034.9344978166,20211007
20211008,cu2110,69360.0,68450.0,68350.0,0.0,69290.0,69920.0,69290.0,17175,5977500000.0,37300.0,1.7976931348623157e+308,1.7976931348623157e+308,74610.0,62280.0,0.0,1.7976931348623157e+308,16:04:35,0,69350.0,40,69370.0,5,348034.9344978166,20211007
20211008,cu2110,69360.0,68450.0,68350.0,0.0,69290.0,69920.0,69290.0,17175,5977500000.0,37300.0,1.7976931348623157e+308,1.7976931348623157e+308,74610.0,62280.0,0.0,1.7976931348623157e+308,16:04:35,500,69350.0,40,69370.0,10,348034.9344978166,20211007
20211008,cu2110,69360.0,68450.0,68350.0,0.0,69290.0,69920.0,69290.0,17175,5977500000.0,37300.0,1.7976931348623157e+308,1.7976931348623157e+308,74610.0,62280.0,0.0,1.7976931348623157e+308,16:04:37,500,69350.0,40,69370.0,15,348034.9344978166,20211007
20211008,cu2110,69360.0,68450.0,68350.0,0.0,69290.0,69920.0,69290.0,17175,5977500000.0,37300.0,1.7976931348623157e+308,1.7976931348623157e+308,74610.0,62280.0,0.0,1.7976931348623157e+308,16:04:38,0,69350.0,40,69360.0,5,348034.9344978166,20211007
20211008,cu2110,69360.0,68450.0,68350.0,0.0,69290.0,69920.0,69290.0,17175,5977500000.0,37300.0,1.7976931348623157e+308,1.7976931348623157e+308,74610.0,62280.0,0.0,1.7976931348623157e+308,16:04:38,500,69350.0,40,69360.0,5,348034.9344978166,20211007
20211008,cu2110,69350.0,68450.0,68350.0,0.0,69290.0,69920.0,69290.0,17180,5979233750.0,37300.0,1.7976931348623157e+308,1.7976931348623157e+308,74610.0,62280.0,0.0,1.7976931348623157e+308,16:04:48,0,69350.0,35,69360.0,5,348034.5605355064,20211007
20211008,cu2110,69350.0,68450.0,68350.0,0.0,69290.0,69920.0,69290.0,17185,5980967500.0,37300.0,1.7976931348623157e+308,1.7976931348623157e+308,74610.0,62280.0,0.0,1.7976931348623157e+308,16:04:48,500,69350.0,30,69360.0,5,348034.18679080595,20211007
20211008,cu2110,69350.0,68450.0,68350.0,0.0,69290.0,69920.0,69290.0,17185,5980967500.0,37300.0,1.7976931348623157e+308,1.7976931348623157e+308,74610.0,62280.0,0.0,1.7976931348623157e+308,16:04:49,0,69350.0,30,69360.0,5,348034.18679080595,20211007
20211008,cu2110,69360.0,68450.0,68350.0,0.0,69290.0,69920.0,69290.0,17190,5982701500.0,37295.0,1.7976931348623157e+308,1.7976931348623157e+308,74610.0,62280.0,0.0,1.7976931348623157e+308,16:04:49,500,69360.0,10,69370.0,10,348033.82780686446,20211007
20211008,cu2110,69360.0,68450.0,68350.0,0.0,69290.0,69920.0,69290.0,17200,5986169500.0,37295.0,1.7976931348623157e+308,1.7976931348623157e+308,74610.0,62280.0,0.0,1.7976931348623157e+308,16:04:50,0,69350.0,30,69360.0,15,348033.1104651163,20211007
20211008,cu2110,69360.0,68450.0,68350.0,0.0,69290.0,69920.0,69290.0,17200,5986169500.0,37295.0,1.7976931348623157e+308,1.7976931348623157e+308,74610.0,62280.0,0.0,1.7976931348623157e+308,16:04:50,500,69350.0,30,69360.0,15,348033.1104651163,20211007
20211008,cu2110,69360.0,68450.0,68350.0,0.0,69290.0,69920.0,69290.0,17200,5986169500.0,37295.0,1.7976931348623157e+308,1.7976931348623157e+308,74610.0,62280.0,0.0,1.7976931348623157e+308,16:04:51,0,69350.0,30,69360.0,5,348033.1104651163,20211007
20211008,cu2110,69360.0,68450.0,68350.0,0.0,69290.0,69920.0,69290.0,17205,5987903500.0,37295.0,1.7976931348623157e+308,1.7976931348623157e+308,74610.0,62280.0,0.0,1.7976931348623157e+308,16:04:51,500,69350.0,30,69370.0,5,348032.75210694567,20211007
20211008,cu2110,69360.0,68450.0,68350.0,0.0,69290.0,69920.0,69290.0,17205,5987903500.0,37295.0,1.7976931348623157e+308,1.7976931348623157e+308,74610.0,62280.0,0.0,1.7976931348623157e+308,16:04:52,0,69350.0,30,69400.0,35,348032.75210694567,20211007
20211008,cu2110,69360.0,68450.0,68350.0,0.0,69290.0,69920.0,69290.0,17205,5987903500.0,37295.0,1.7976931348623157e+308,1.7976931348623157e+308,74610.0,62280.0,0.0,1.7976931348623157e+308,16:04:52,500,69350.0,30,69380.0,5,348032.75210694567,20211007
20211008,cu2110,69360.0,68450.0,68350.0,0.0,69290.0,69920.0,69290.0,17205,5987903500.0,37295.0,1.7976931348623157e+308,1.7976931348623157e+308,74610.0,62280.0,0.0,1.7976931348623157e+308,16:04:53,0,69350.0,30,69380.0,5,348032.75210694567,20211007
20211008,cu2110,69360.0,68450.0,68350.0,0.0,69290.0,69920.0,69290.0,17205,5987903500.0,37295.0,1.7976931348623157e+308,1.7976931348623157e+308,74610.0,62280.0,0.0,1.7976931348623157e+308,16:04:53,500,69350.0,30,69380.0,5,348032.75210694567,20211007
20211008,cu2110,69360.0,68450.0,68350.0,0.0,69290.0,69920.0,69290.0,17205,5987903500.0,37295.0,1.7976931348623157e+308,1.7976931348623157e+308,74610.0,62280.0,0.0,1.7976931348623157e+308,16:04:54,0,69350.0,30,69380.0,10,348032.75210694567,20211007
20211008,cu2110,69360.0,68450.0,68350.0,0.0,69290.0,69920.0,69290.0,17205,5987903500.0,37295.0,1.7976931348623157e+308,1.7976931348623157e+308,74610.0,62280.0,0.0,1.7976931348623157e+308,16:05:02,0,69350.0,30,69400.0,30,348032.75210694567,20211007
20211008,cu2110,69360.0,68450.0,68350.0,0.0,69290.0,69920.0,69290.0,17205,5987903500.0,37295.0,1.7976931348623157e+308,1.7976931348623157e+308,74610.0,62280.0,0.0,1.7976931348623157e+308,16:05:02,500,69350.0,30,69390.0,5,348032.75210694567,20211007
20211008,cu2110,69360.0,68450.0,68350.0,0.0,69290.0,69920.0,69290.0,17205,5987903500.0,37295.0,1.7976931348623157e+308,1.7976931348623157e+308,74610.0,62280.0,0.0,1.7976931348623157e+308,16:05:03,0,69350.0,30,69390.0,5,348032.75210694567,20211007
20211008,cu2110,69360.0,68450.0,68350.0,0.0,69290.0,69920.0,69290.0,17205,5987903500.0,37295.0,1.7976931348623157e+308,1.7976931348623157e+308,74610.0,62280.0,0.0,1.7976931348623157e+308,16:05:03,500,69350.0,30,69390.0,5,348032.75210694567,20211007
20211008,cu2110,69350.0,68450.0,68350.0,0.0,69290.0,69920.0,69290.0,17220,5993104750.0,37295.0,1.7976931348623157e+308,1.7976931348623157e+308,74610.0,62280.0,0.0,1.7976931348623157e+308,16:05:04,500,69350.0,15,69390.0,5,348031.63472706155,20211007
20211008,cu2110,69350.0,68450.0,68350.0,0.0,69290.0,69920.0,69290.0,17220,5993104750.0,37295.0,1.7976931348623157e+308,1.7976931348623157e+308,74610.0,62280.0,0.0,1.7976931348623157e+308,16:05:06,500,69350.0,15,69390.0,5,348031.63472706155,20211007
20211008,cu2110,69350.0,68450.0,68350.0,0.0,69290.0,69920.0,69290.0,17220,5993104750.0,37295.0,1.7976931348623157e+308,1.7976931348623157e+308,74610.0,62280.0,0.0,1.7976931348623157e+308,16:05:09,0,69350.0,15,69400.0,30,348031.63472706155,20211007
20211008,cu2110,69350.0,68450.0,68350.0,0.0,69290.0,69920.0,69290.0,17220,5993104750.0,37295.0,1.7976931348623157e+308,1.7976931348623157e+308,74610.0,62280.0,0.0,1.7976931348623157e+308,16:05:09,500,69350.0,15,69390.0,5,348031.63472706155,20211007
20211008,cu2110,69350.0,68450.0,68350.0,0.0,69290.0,69920.0,69290.0,17220,5993104750.0,37295.0,1.7976931348623157e+308,1.7976931348623157e+308,74610.0,62280.0,0.0,1.7976931348623157e+308,16:05:10,0,69350.0,15,69390.0,5,348031.63472706155,20211007
20211008,cu2110,69350.0,68450.0,68350.0,0.0,69290.0,69920.0,69290.0,17220,5993104750.0,37295.0,1.7976931348623157e+308,1.7976931348623157e+308,74610.0,62280.0,0.0,1.7976931348623157e+308,16:05:13,0,69350.0,15,69390.0,5,348031.63472706155,20211007
20211008,cu2110,69350.0,68450.0,68350.0,0.0,69290.0,69920.0,69290.0,17220,5993104750.0,37295.0,1.7976931348623157e+308,1.7976931348623157e+308,74610.0,62280.0,0.0,1.7976931348623157e+308,16:05:15,500,69350.0,15,69390.0,5,348031.63472706155,20211007
20211008,cu2110,69350.0,68450.0,68350.0,0.0,69290.0,69920.0,69290.0,17220,5993104750.0,37295.0,1.7976931348623157e+308,1.7976931348623157e+308,74610.0,62280.0,0.0,1.7976931348623157e+308,16:05:16,0,69350.0,15,69390.0,10,348031.63472706155,20211007
20211008,cu2110,69350.0,68450.0,68350.0,0.0,69290.0,69920.0,69290.0,17220,5993104750.0,37295.0,1.7976931348623157e+308,1.7976931348623157e+308,74610.0,62280.0,0.0,1.7976931348623157e+308,16:05:16,500,69350.0,15,69380.0,5,348031.63472706155,20211007
20211008,cu2110,69350.0,68450.0,68350.0,0.0,69290.0,69920.0,69290.0,17220,5993104750.0,37295.0,1.7976931348623157e+308,1.7976931348623157e+308,74610.0,62280.0,0.0,1.7976931348623157e+308,16:05:17,0,69350.0,15,69400.0,30,348031.63472706155,20211007
20211008,cu2110,69350.0,68450.0,68350.0,0.0,69290.0,69920.0,69290.0,17220,5993104750.0,37295.0,1.7976931348623157e+308,1.7976931348623157e+308,74610.0,62280.0,0.0,1.7976931348623157e+308,16:05:17,500,69350.0,15,69380.0,5,348031.63472706155,20211007
20211008,cu2110,69350.0,68450.0,68350.0,0.0,69290.0,69920.0,69290.0,17220,5993104750.0,37295.0,1.7976931348623157e+308,1.7976931348623157e+308,74610.0,62280.0,0.0,1.7976931348623157e+308,16:05:18,500,69350.0,15,69400.0,35,348031.63472706155,20211007
20211008,cu2110,69350.0,68450.0,68350.0,0.0,69290.0,69920.0,69290.0,17220,5993104750.0,37295.0,1.7976931348623157e+308,1.7976931348623157e+308,74610.0,62280.0,0.0,1.7976931348623157e+308,16:05:19,0,69350.0,15,69390.0,5,348031.63472706155,20211007
20211008,cu2110,69350.0,68450.0,68350.0,0.0,69290.0,69920.0,69290.0,17220,5993104750.0,37295.0,1.7976931348623157e+308,1.7976931348623157e+308,74610.0,62280.0,0.0,1.7976931348623157e+308,16:05:19,500,69350.0,15,69390.0,10,348031.63472706155,20211007
20211008,cu2110,69350.0,68450.0,68350.0,0.0,69290.0,69920.0,69290.0,17220,5993104750.0,37295.0,1.7976931348623157e+308,1.7976931348623157e+308,74610.0,62280.0,0.0,1.7976931348623157e+308,16:05:20,500,69350.0,15,69390.0,10,348031.63472706155,20211007
20211008,cu2110,69350.0,68450.0,68350.0,0.0,69290.0,69920.0,69290.0,17220,5993104750.0,37295.0,1.7976931348623157e+308,1.7976931348623157e+308,74610.0,62280.0,0.0,1.7976931348623157e+308,16:05:21,0,69350.0,15,69390.0,5,348031.63472706155,20211007
20211008,cu2110,69350.0,68450.0,68350.0,0.0,69290.0,69920.0,69290.0,17220,5993104750.0,37295.0,1.7976931348623157e+308,1.7976931348623157e+308,74610.0,62280.0,0.0,1.7976931348623157e+308,16:05:22,500,69380.0,20,69390.0,5,348031.63472706155,20211007
20211008,cu2110,69380.0,68450.0,68350.0,0.0,69290.0,69920.0,69290.0,17225,5994839250.0,37295.0,1.7976931348623157e+308,1.7976931348623157e+308,74610.0,62280.0,0.0,1.7976931348623157e+308,16:05:23,0,69380.0,15,69390.0,5,348031.3062409289,20211007
20211008,cu2110,69380.0,68450.0,68350.0,0.0,69290.0,69920.0,69290.0,17240,6000042750.0,37280.0,1.7976931348623157e+308,1.7976931348623157e+308,74610.0,62280.0,0.0,1.7976931348623157e+308,16:05:26,0,69350.0,15,69370.0,35,348030.3219257541,20211007
20211008,cu2110,69370.0,68450.0,68350.0,0.0,69290.0,69920.0,69290.0,17245,6001777000.0,37275.0,1.7976931348623157e+308,1.7976931348623157e+308,74610.0,62280.0,0.0,1.7976931348623157e+308,16:05:26,500,69350.0,15,69370.0,30,348029.9797042621,20211007
20211008,cu2110,69370.0,68450.0,68350.0,0.0,69290.0,69920.0,69290.0,17245,6001777000.0,37275.0,1.7976931348623157e+308,1.7976931348623157e+308,74610.0,62280.0,0.0,1.7976931348623157e+308,16:05:28,500,69360.0,15,69370.0,30,348029.9797042621,20211007
20211008,cu2110,69370.0,68450.0,68350.0,0.0,69290.0,69920.0,69290.0,17245,6001777000.0,37275.0,1.7976931348623157e+308,1.7976931348623157e+308,74610.0,62280.0,0.0,1.7976931348623157e+308,16:05:34,0,69360.0,15,69370.0,30,348029.9797042621,20211007
20211008,cu2110,69370.0,68450.0,68350.0,0.0,69290.0,69920.0,69290.0,17245,6001777000.0,37275.0,1.7976931348623157e+308,1.7976931348623157e+308,74610.0,62280.0,0.0,1.7976931348623157e+308,16:05:36,500,69360.0,15,69370.0,30,348029.9797042621,20211007
20211008,cu2110,69370.0,68450.0,68350.0,0.0,69290.0,69920.0,69290.0,17245,6001777000.0,37275.0,1.7976931348623157e+308,1.7976931348623157e+308,74610.0,62280.0,0.0,1.7976931348623157e+308,16:05:40,0,69360.0,15,69370.0,30,348029.9797042621,20211007
20211008,cu2110,69360.0,68450.0,68350.0,0.0,69290.0,69920.0,69290.0,17250,6003511000.0,37270.0,1.7976931348623157e+308,1.7976931348623157e+308,74610.0,62280.0,0.0,1.7976931348623157e+308,16:05:51,500,69360.0,10,69370.0,30,348029.6231884058,20211007
20211008,cu2110,69360.0,68450.0,68350.0,0.0,69290.0,69920.0,69290.0,17255,6005245000.0,37265.0,1.7976931348623157e+308,1.7976931348623157e+308,74610.0,62280.0,0.0,1.7976931348623157e+308,16:05:54,0,69360.0,5,69370.0,35,348029.2668791655,20211007
20211008,cu2110,69360.0,68450.0,68350.0,0.0,69290.0,69920.0,69290.0,17260,6006979000.0,37265.0,1.7976931348623157e+308,1.7976931348623157e+308,74610.0,62280.0,0.0,1.7976931348623157e+308,16:05:57,500,69350.0,15,69370.0,35,348028.91077636153,20211007
20211008,cu2110,69360.0,68450.0,68350.0,0.0,69290.0,69920.0,69290.0,17260,6006979000.0,37265.0,1.7976931348623157e+308,1.7976931348623157e+308,74610.0,62280.0,0.0,1.7976931348623157e+308,16:05:59,0,69350.0,15,69360.0,15,348028.91077636153,20211007
20211008,cu2110,69360.0,68450.0,68350.0,0.0,69290.0,69920.0,69290.0,17265,6008713000.0,37265.0,1.7976931348623157e+308,1.7976931348623157e+308,74610.0,62280.0,0.0,1.7976931348623157e+308,16:05:59,500,69350.0,15,69360.0,10,348028.5548798147,20211007
20211008,cu2110,69360.0,68450.0,68350.0,0.0,69290.0,69920.0,69290.0,17275,6012181000.0,37275.0,1.7976931348623157e+308,1.7976931348623157e+308,74610.0,62280.0,0.0,1.7976931348623157e+308,16:06:01,0,69360.0,10,69370.0,30,348027.8437047757,20211007
20211008,cu2110,69360.0,68450.0,68350.0,0.0,69290.0,69920.0,69290.0,17275,6012181000.0,37275.0,1.7976931348623157e+308,1.7976931348623157e+308,74610.0,62280.0,0.0,1.7976931348623157e+308,16:06:01,500,69360.0,10,69370.0,35,348027.8437047757,20211007
20211008,cu2110,69360.0,68450.0,68350.0,0.0,69290.0,69920.0,69290.0,17275,6012181000.0,37275.0,1.7976931348623157e+308,1.7976931348623157e+308,74610.0,62280.0,0.0,1.7976931348623157e+308,16:06:02,0,69360.0,10,69370.0,30,348027.8437047757,20211007
20211008,cu2110,69360.0,68450.0,68350.0,0.0,69290.0,69920.0,69290.0,17275,6012181000.0,37275.0,1.7976931348623157e+308,1.7976931348623157e+308,74610.0,62280.0,0.0,1.7976931348623157e+308,16:06:03,0,69360.0,10,69370.0,35,348027.8437047757,20211007
20211008,cu2110,69360.0,68450.0,68350.0,0.0,69290.0,69920.0,69290.0,17285,6015649000.0,37275.0,1.7976931348623157e+308,1.7976931348623157e+308,74610.0,62280.0,0.0,1.7976931348623157e+308,16:06:03,500,69350.0,15,69360.0,10,348027.13335261785,20211007
20211008,cu2110,69360.0,68450.0,68350.0,0.0,69290.0,69920.0,69290.0,17285,6015649000.0,37275.0,1.7976931348623157e+308,1.7976931348623157e+308,74610.0,62280.0,0.0,1.7976931348623157e+308,16:06:04,0,69350.0,15,69360.0,10,348027.13335261785,20211007
20211008,cu2110,69360.0,68450.0,68350.0,0.0,69290.0,69920.0,69290.0,17285,6015649000.0,37275.0,1.7976931348623157e+308,1.7976931348623157e+308,74610.0,62280.0,0.0,1.7976931348623157e+308,16:06:09,0,69350.0,15,69360.0,10,348027.13335261785,20211007
20211008,cu2110,69360.0,68450.0,68350.0,0.0,69290.0,69920.0,69290.0,17290,6017383000.0,37270.0,1.7976931348623157e+308,1.7976931348623157e+308,74610.0,62280.0,0.0,1.7976931348623157e+308,16:06:10,500,69350.0,15,69360.0,5,348026.77848467324,20211007
20211008,cu2110,69360.0,68450.0,68350.0,0.0,69290.0,69920.0,69290.0,17295,6019117000.0,37270.0,1.7976931348623157e+308,1.7976931348623157e+308,74610.0,62280.0,0.0,1.7976931348623157e+308,16:06:11,500,69360.0,15,69370.0,30,348026.42382191384,20211007
20211008,cu2110,69360.0,68450.0,68350.0,0.0,69290.0,69920.0,69290.0,17295,6019117000.0,37270.0,1.7976931348623157e+308,1.7976931348623157e+308,74610.0,62280.0,0.0,1.7976931348623157e+308,16:06:12,0,69360.0,15,69370.0,35,348026.42382191384,20211007
20211008,cu2110,69360.0,68450.0,68350.0,0.0,69290.0,69920.0,69290.0,17295,6019117000.0,37270.0,1.7976931348623157e+308,1.7976931348623157e+308,74610.0,62280.0,0.0,1.7976931348623157e+308,16:06:12,500,69360.0,15,69370.0,35,348026.42382191384,20211007
20211008,cu2110,69360.0,68450.0,68350.0,0.0,69290.0,69920.0,69290.0,17295,6019117000.0,37270.0,1.7976931348623157e+308,1.7976931348623157e+308,74610.0,62280.0,0.0,1.7976931348623157e+308,16:06:13,0,69360.0,15,69370.0,30,348026.42382191384,20211007
20211008,cu2110,69360.0,68450.0,68350.0,0.0,69290.0,69920.0,69290.0,17295,6019117000.0,37270.0,1.7976931348623157e+308,1.7976931348623157e+308,74610.0,62280.0,0.0,1.7976931348623157e+308,16:06:17,500,69360.0,15,69370.0,30,348026.42382191384,20211007
20211008,cu2110,69360.0,68450.0,68350.0,0.0,69290.0,69920.0,69290.0,17295,6019117000.0,37270.0,1.7976931348623157e+308,1.7976931348623157e+308,74610.0,62280.0,0.0,1.7976931348623157e+308,16:06:18,0,69360.0,15,69370.0,30,348026.42382191384,20211007
20211008,cu2110,69360.0,68450.0,68350.0,0.0,69290.0,69920.0,69290.0,17295,6019117000.0,37270.0,1.7976931348623157e+308,1.7976931348623157e+308,74610.0,62280.0,0.0,1.7976931348623157e+308,16:06:22,500,69360.0,15,69370.0,30,348026.42382191384,20211007
20211008,cu2110,69360.0,68450.0,68350.0,0.0,69290.0,69920.0,69290.0,17295,6019117000.0,37270.0,1.7976931348623157e+308,1.7976931348623157e+308,74610.0,62280.0,0.0,1.7976931348623157e+308,16:06:23,0,69360.0,15,69370.0,30,348026.42382191384,20211007
20211008,cu2110,69360.0,68450.0,68350.0,0.0,69290.0,69920.0,69290.0,17295,6019117000.0,37270.0,1.7976931348623157e+308,1.7976931348623157e+308,74610.0,62280.0,0.0,1.7976931348623157e+308,16:06:34,0,69360.0,15,69370.0,30,348026.42382191384,20211007
20211008,cu2110,69360.0,68450.0,68350.0,0.0,69290.0,69920.0,69290.0,17295,6019117000.0,37270.0,1.7976931348623157e+308,1.7976931348623157e+308,74610.0,62280.0,0.0,1.7976931348623157e+308,16:06:40,500,69360.0,15,69370.0,30,348026.42382191384,20211007
20211008,cu2110,69370.0,68450.0,68350.0,0.0,69290.0,69920.0,69290.0,17300,6020851250.0,37275.0,1.7976931348623157e+308,1.7976931348623157e+308,74610.0,62280.0,0.0,1.7976931348623157e+308,16:06:44,0,69360.0,15,69370.0,25,348026.0838150289,20211007
20211008,cu2110,69370.0,68450.0,68350.0,0.0,69290.0,69920.0,69290.0,17315,6026054000.0,37285.0,1.7976931348623157e+308,1.7976931348623157e+308,74610.0,62280.0,0.0,1.7976931348623157e+308,16:06:51,0,69360.0,15,69370.0,10,348025.06497256714,20211007
20211008,cu2110,69370.0,68450.0,68350.0,0.0,69290.0,69920.0,69290.0,17325,6029522500.0,37285.0,1.7976931348623157e+308,1.7976931348623157e+308,74610.0,62280.0,0.0,1.7976931348623157e+308,16:06:51,500,69370.0,5,69380.0,45,348024.3867243867,20211007
20211008,cu2110,69380.0,68450.0,68350.0,0.0,69290.0,69920.0,69290.0,17330,6031257000.0,37280.0,1.7976931348623157e+308,1.7976931348623157e+308,74610.0,62280.0,0.0,1.7976931348623157e+308,16:06:52,0,69370.0,5,69380.0,40,348024.06231967686,20211007
20211008,cu2110,69380.0,68450.0,68350.0,0.0,69290.0,69920.0,69290.0,17335,6032991500.0,37275.0,1.7976931348623157e+308,1.7976931348623157e+308,74610.0,62280.0,0.0,1.7976931348623157e+308,16:06:52,500,69370.0,5,69380.0,35,348023.73810210556,20211007
20211008,cu2110,69380.0,68450.0,68350.0,0.0,69290.0,69920.0,69290.0,17340,6034726000.0,37270.0,1.7976931348623157e+308,1.7976931348623157e+308,74610.0,62280.0,0.0,1.7976931348623157e+308,16:06:53,500,69360.0,20,69380.0,30,348023.41407151095,20211007
20211008,cu2110,69380.0,68450.0,68350.0,0.0,69290.0,69920.0,69290.0,17350,6038195000.0,37270.0,1.7976931348623157e+308,1.7976931348623157e+308,74610.0,62280.0,0.0,1.7976931348623157e+308,16:06:54,0,69370.0,5,69380.0,20,348022.76657060516,20211007
20211008,cu2110,69380.0,68450.0,68350.0,0.0,69290.0,69920.0,69290.0,17360,6041664000.0,37270.0,1.7976931348623157e+308,1.7976931348623157e+308,74610.0,62280.0,0.0,1.7976931348623157e+308,16:06:54,500,69370.0,10,69380.0,10,348022.1198156682,20211007
20211008,cu2110,69380.0,68450.0,68350.0,0.0,69290.0,69920.0,69290.0,17360,6041664000.0,37270.0,1.7976931348623157e+308,1.7976931348623157e+308,74610.0,62280.0,0.0,1.7976931348623157e+308,16:06:55,0,69370.0,5,69380.0,10,348022.1198156682,20211007
20211008,cu2110,69380.0,68450.0,68350.0,0.0,69290.0,69920.0,69290.0,17360,6041664000.0,37270.0,1.7976931348623157e+308,1.7976931348623157e+308,74610.0,62280.0,0.0,1.7976931348623157e+308,16:06:56,500,69370.0,65,69380.0,10,348022.1198156682,20211007
20211008,cu2110,69380.0,68450.0,68350.0,0.0,69290.0,69920.0,69290.0,17365,6043398500.0,37265.0,1.7976931348623157e+308,1.7976931348623157e+308,74610.0,62280.0,0.0,1.7976931348623157e+308,16:06:57,0,69370.0,65,69380.0,5,348021.7967175353,20211007
20211008,cu2110,69380.0,68450.0,68350.0,0.0,69290.0,69920.0,69290.0,17370,6045133000.0,37260.0,1.7976931348623157e+308,1.7976931348623157e+308,74610.0,62280.0,0.0,1.7976931348623157e+308,16:06:57,500,69370.0,65,69400.0,5,348021.4738054116,20211007
20211008,cu2110,69370.0,68450.0,68350.0,0.0,69290.0,69920.0,69290.0,17425,6064209750.0,37260.0,1.7976931348623157e+308,1.7976931348623157e+308,74610.0,62280.0,0.0,1.7976931348623157e+308,16:06:59,0,69370.0,10,69400.0,5,348017.7761836442,20211007
20211008,cu2110,69370.0,68450.0,68350.0,0.0,69290.0,69920.0,69290.0,17425,6064209750.0,37260.0,1.7976931348623157e+308,1.7976931348623157e+308,74610.0,62280.0,0.0,1.7976931348623157e+308,16:07:02,0,69370.0,10,69400.0,25,348017.7761836442,20211007
20211008,cu2110,69370.0,68450.0,68350.0,0.0,69290.0,69920.0,69290.0,17425,6064209750.0,37260.0,1.7976931348623157e+308,1.7976931348623157e+308,74610.0,62280.0,0.0,1.7976931348623157e+308,16:07:02,500,69370.0,10,69390.0,10,348017.7761836442,20211007
20211008,cu2110,69370.0,68450.0,68350.0,0.0,69290.0,69920.0,69290.0,17425,6064209750.0,37260.0,1.7976931348623157e+308,1.7976931348623157e+308,74610.0,62280.0,0.0,1.7976931348623157e+308,16:07:03,500,69370.0,10,69390.0,10,348017.7761836442,20211007
20211008,cu2110,69370.0,68450.0,68350.0,0.0,69290.0,69920.0,69290.0,17425,6064209750.0,37260.0,1.7976931348623157e+308,1.7976931348623157e+308,74610.0,62280.0,0.0,1.7976931348623157e+308,16:07:04,0,69370.0,20,69390.0,10,348017.7761836442,20211007
20211008,cu2110,69370.0,68450.0,68350.0,0.0,69290.0,69920.0,69290.0,17425,6064209750.0,37260.0,1.7976931348623157e+308,1.7976931348623157e+308,74610.0,62280.0,0.0,1.7976931348623157e+308,16:07:04,500,69370.0,10,69390.0,10,348017.7761836442,20211007
20211008,cu2110,69370.0,68450.0,68350.0,0.0,69290.0,69920.0,69290.0,17425,6064209750.0,37260.0,1.7976931348623157e+308,1.7976931348623157e+308,74610.0,62280.0,0.0,1.7976931348623157e+308,16:07:06,0,69370.0,10,69390.0,10,348017.7761836442,20211007
20211008,cu2110,69370.0,68450.0,68350.0,0.0,69290.0,69920.0,69290.0,17425,6064209750.0,37260.0,1.7976931348623157e+308,1.7976931348623157e+308,74610.0,62280.0,0.0,1.7976931348623157e+308,16:07:08,500,69370.0,10,69390.0,10,348017.7761836442,20211007
20211008,cu2110,69370.0,68450.0,68350.0,0.0,69290.0,69920.0,69290.0,17425,6064209750.0,37260.0,1.7976931348623157e+308,1.7976931348623157e+308,74610.0,62280.0,0.0,1.7976931348623157e+308,16:07:12,500,69370.0,10,69390.0,15,348017.7761836442,20211007
20211008,cu2110,69370.0,68450.0,68350.0,0.0,69290.0,69920.0,69290.0,17425,6064209750.0,37260.0,1.7976931348623157e+308,1.7976931348623157e+308,74610.0,62280.0,0.0,1.7976931348623157e+308,16:07:13,500,69370.0,10,69380.0,5,348017.7761836442,20211007
20211008,cu2110,69390.0,68450.0,68350.0,0.0,69290.0,69920.0,69290.0,17430,6065944500.0,37265.0,1.7976931348623157e+308,1.7976931348623157e+308,74610.0,62280.0,0.0,1.7976931348623157e+308,16:07:16,500,69380.0,5,69390.0,5,348017.4698795181,20211007
20211008,cu2110,69390.0,68450.0,68350.0,0.0,69290.0,69920.0,69290.0,17435,6067679250.0,37265.0,1.7976931348623157e+308,1.7976931348623157e+308,74610.0,62280.0,0.0,1.7976931348623157e+308,16:07:17,0,69390.0,5,69400.0,25,348017.16375107545,20211007
20211008,cu2110,69400.0,68450.0,68350.0,0.0,69290.0,69920.0,69290.0,17440,6069414250.0,37270.0,1.7976931348623157e+308,1.7976931348623157e+308,74610.0,62280.0,0.0,1.7976931348623157e+308,16:07:17,500,69380.0,5,69400.0,25,348016.87213302753,20211007
20211008,cu2110,69400.0,68450.0,68350.0,0.0,69290.0,69920.0,69290.0,17440,6069414250.0,37270.0,1.7976931348623157e+308,1.7976931348623157e+308,74610.0,62280.0,0.0,1.7976931348623157e+308,16:07:18,0,69370.0,10,69400.0,25,348016.87213302753,20211007
20211008,cu2110,69400.0,68450.0,68350.0,0.0,69290.0,69920.0,69290.0,17440,6069414250.0,37270.0,1.7976931348623157e+308,1.7976931348623157e+308,74610.0,62280.0,0.0,1.7976931348623157e+308,16:07:18,500,69370.0,15,69400.0,25,348016.87213302753,20211007
20211008,cu2110,69400.0,68450.0,68350.0,0.0,69290.0,69920.0,69290.0,17440,6069414250.0,37270.0,1.7976931348623157e+308,1.7976931348623157e+308,74610.0,62280.0,0.0,1.7976931348623157e+308,16:07:20,0,69380.0,5,69400.0,25,348016.87213302753,20211007
20211008,cu2110,69400.0,68450.0,68350.0,0.0,69290.0,69920.0,69290.0,17440,6069414250.0,37270.0,1.7976931348623157e+308,1.7976931348623157e+308,74610.0,62280.0,0.0,1.7976931348623157e+308,16:07:21,0,69380.0,5,69400.0,25,348016.87213302753,20211007
20211008,cu2110,69400.0,68450.0,68350.0,0.0,69290.0,69920.0,69290.0,17440,6069414250.0,37270.0,1.7976931348623157e+308,1.7976931348623157e+308,74610.0,62280.0,0.0,1.7976931348623157e+308,16:07:21,500,69380.0,5,69400.0,25,348016.87213302753,20211007
20211008,cu2110,69400.0,68450.0,68350.0,0.0,69290.0,69920.0,69290.0,17440,6069414250.0,37270.0,1.7976931348623157e+308,1.7976931348623157e+308,74610.0,62280.0,0.0,1.7976931348623157e+308,16:07:23,0,69380.0,5,69400.0,25,348016.87213302753,20211007
20211008,cu2110,69400.0,68450.0,68350.0,0.0,69290.0,69920.0,69290.0,17440,6069414250.0,37270.0,1.7976931348623157e+308,1.7976931348623157e+308,74610.0,62280.0,0.0,1.7976931348623157e+308,16:07:24,500,69380.0,5,69400.0,25,348016.87213302753,20211007
20211008,cu2110,69400.0,68450.0,68350.0,0.0,69290.0,69920.0,69290.0,17440,6069414250.0,37270.0,1.7976931348623157e+308,1.7976931348623157e+308,74610.0,62280.0,0.0,1.7976931348623157e+308,16:07:25,500,69380.0,5,69400.0,25,348016.87213302753,20211007
20211008,cu2110,69400.0,68450.0,68350.0,0.0,69290.0,69920.0,69290.0,17440,6069414250.0,37270.0,1.7976931348623157e+308,1.7976931348623157e+308,74610.0,62280.0,0.0,1.7976931348623157e+308,16:07:27,0,69370.0,10,69400.0,25,348016.87213302753,20211007
20211008,cu2110,69400.0,68450.0,68350.0,0.0,69290.0,69920.0,69290.0,17440,6069414250.0,37270.0,1.7976931348623157e+308,1.7976931348623157e+308,74610.0,62280.0,0.0,1.7976931348623157e+308,16:07:27,500,69370.0,20,69400.0,25,348016.87213302753,20211007
20211008,cu2110,69400.0,68450.0,68350.0,0.0,69290.0,69920.0,69290.0,17440,6069414250.0,37270.0,1.7976931348623157e+308,1.7976931348623157e+308,74610.0,62280.0,0.0,1.7976931348623157e+308,16:07:28,0,69390.0,5,69400.0,25,348016.87213302753,20211007
20211008,cu2110,69400.0,68450.0,68350.0,0.0,69290.0,69920.0,69290.0,17440,6069414250.0,37270.0,1.7976931348623157e+308,1.7976931348623157e+308,74610.0,62280.0,0.0,1.7976931348623157e+308,16:07:28,500,69390.0,5,69400.0,25,348016.87213302753,20211007
20211008,cu2110,69400.0,68450.0,68350.0,0.0,69290.0,69920.0,69290.0,17440,6069414250.0,37270.0,1.7976931348623157e+308,1.7976931348623157e+308,74610.0,62280.0,0.0,1.7976931348623157e+308,16:07:32,0,69390.0,5,69400.0,25,348016.87213302753,20211007
20211008,cu2110,69400.0,68450.0,68350.0,0.0,69290.0,69920.0,69290.0,17440,6069414250.0,37270.0,1.7976931348623157e+308,1.7976931348623157e+308,74610.0,62280.0,0.0,1.7976931348623157e+308,16:07:32,500,69390.0,5,69400.0,25,348016.87213302753,20211007
20211008,cu2110,69400.0,68450.0,68350.0,0.0,69290.0,69920.0,69290.0,17440,6069414250.0,37270.0,1.7976931348623157e+308,1.7976931348623157e+308,74610.0,62280.0,0.0,1.7976931348623157e+308,16:07:36,500,69390.0,5,69400.0,25,348016.87213302753,20211007
20211008,cu2110,69400.0,68450.0,68350.0,0.0,69290.0,69920.0,69290.0,17445,6071149250.0,37265.0,1.7976931348623157e+308,1.7976931348623157e+308,74610.0,62280.0,0.0,1.7976931348623157e+308,16:07:37,0,69390.0,5,69400.0,20,348016.58068214386,20211007
20211008,cu2110,69400.0,68450.0,68350.0,0.0,69290.0,69920.0,69290.0,17445,6071149250.0,37265.0,1.7976931348623157e+308,1.7976931348623157e+308,74610.0,62280.0,0.0,1.7976931348623157e+308,16:07:48,500,69390.0,15,69400.0,20,348016.58068214386,20211007
20211008,cu2110,69400.0,68450.0,68350.0,0.0,69290.0,69920.0,69290.0,17445,6071149250.0,37265.0,1.7976931348623157e+308,1.7976931348623157e+308,74610.0,62280.0,0.0,1.7976931348623157e+308,16:07:50,500,69390.0,15,69400.0,30,348016.58068214386,20211007
20211008,cu2110,69400.0,68450.0,68350.0,0.0,69290.0,69920.0,69290.0,17445,6071149250.0,37265.0,1.7976931348623157e+308,1.7976931348623157e+308,74610.0,62280.0,0.0,1.7976931348623157e+308,16:07:51,500,69390.0,15,69400.0,30,348016.58068214386,20211007
20211008,cu2110,69400.0,68450.0,68350.0,0.0,69290.0,69920.0,69290.0,17460,6076354250.0,37250.0,1.7976931348623157e+308,1.7976931348623157e+308,74610.0,62280.0,0.0,1.7976931348623157e+308,16:07:55,500,69390.0,15,69400.0,15,348015.7073310424,20211007
20211008,cu2110,69400.0,68450.0,68350.0,0.0,69290.0,69920.0,69290.0,17460,6076354250.0,37250.0,1.7976931348623157e+308,1.7976931348623157e+308,74610.0,62280.0,0.0,1.7976931348623157e+308,16:07:56,0,69390.0,15,69400.0,15,348015.7073310424,20211007
20211008,cu2110,69390.0,68450.0,68350.0,0.0,69290.0,69920.0,69290.0,17465,6078089000.0,37250.0,1.7976931348623157e+308,1.7976931348623157e+308,74610.0,62280.0,0.0,1.7976931348623157e+308,16:07:59,500,69390.0,10,69400.0,15,348015.4022330375,20211007
20211008,cu2110,69390.0,68450.0,68350.0,0.0,69290.0,69920.0,69290.0,17465,6078089000.0,37250.0,1.7976931348623157e+308,1.7976931348623157e+308,74610.0,62280.0,0.0,1.7976931348623157e+308,16:08:05,500,69390.0,45,69400.0,15,348015.4022330375,20211007
20211008,cu2110,69400.0,68450.0,68350.0,0.0,69290.0,69920.0,69290.0,17495,6088499000.0,37280.0,1.7976931348623157e+308,1.7976931348623157e+308,74610.0,62280.0,0.0,1.7976931348623157e+308,16:08:09,500,69390.0,45,69400.0,5,348013.6610460131,20211007
20211008,cu2110,69400.0,68450.0,68350.0,0.0,69290.0,69920.0,69290.0,17510,6093704000.0,37280.0,1.7976931348623157e+308,1.7976931348623157e+308,74610.0,62280.0,0.0,1.7976931348623157e+308,16:08:10,0,69390.0,55,69400.0,5,348012.7926898915,20211007
20211008,cu2110,69400.0,68450.0,68350.0,0.0,69290.0,69920.0,69290.0,17515,6095439000.0,37280.0,1.7976931348623157e+308,1.7976931348623157e+308,74610.0,62280.0,0.0,1.7976931348623157e+308,16:08:10,500,69390.0,45,69400.0,5,348012.50356836995,20211007
20211008,cu2110,69400.0,68450.0,68350.0,0.0,69290.0,69920.0,69290.0,17520,6097174000.0,37285.0,1.7976931348623157e+308,1.7976931348623157e+308,74610.0,62280.0,0.0,1.7976931348623157e+308,16:08:11,0,69390.0,45,69400.0,5,348012.21461187216,20211007
20211008,cu2110,69400.0,68450.0,68350.0,0.0,69290.0,69920.0,69290.0,17525,6098909000.0,37285.0,1.7976931348623157e+308,1.7976931348623157e+308,74610.0,62280.0,0.0,1.7976931348623157e+308,16:08:11,500,69390.0,55,69400.0,5,348011.92582025676,20211007
20211008,cu2110,69400.0,68450.0,68350.0,0.0,69290.0,69920.0,69290.0,17555,6109319000.0,37295.0,1.7976931348623157e+308,1.7976931348623157e+308,74610.0,62280.0,0.0,1.7976931348623157e+308,16:08:12,0,69390.0,70,69400.0,5,348010.1965252065,20211007
20211008,cu2110,69400.0,68450.0,68350.0,0.0,69290.0,69920.0,69290.0,17570,6114524000.0,37295.0,1.7976931348623157e+308,1.7976931348623157e+308,74610.0,62280.0,0.0,1.7976931348623157e+308,16:08:12,500,69400.0,45,69450.0,5,348009.3340922026,20211007
20211008,cu2110,69400.0,68450.0,68350.0,0.0,69290.0,69920.0,69290.0,17570,6114524000.0,37295.0,1.7976931348623157e+308,1.7976931348623157e+308,74610.0,62280.0,0.0,1.7976931348623157e+308,16:08:13,0,69400.0,10,69450.0,5,348009.3340922026,20211007
20211008,cu2110,69400.0,68450.0,68350.0,0.0,69290.0,69920.0,69290.0,17570,6114524000.0,37295.0,1.7976931348623157e+308,1.7976931348623157e+308,74610.0,62280.0,0.0,1.7976931348623157e+308,16:08:13,500,69400.0,25,69450.0,5,348009.3340922026,20211007
20211008,cu2110,69400.0,68450.0,68350.0,0.0,69290.0,69920.0,69290.0,17570,6114524000.0,37295.0,1.7976931348623157e+308,1.7976931348623157e+308,74610.0,62280.0,0.0,1.7976931348623157e+308,16:08:14,0,69400.0,10,69450.0,5,348009.3340922026,20211007
20211008,cu2110,69400.0,68450.0,68350.0,0.0,69290.0,69920.0,69290.0,17570,6114524000.0,37295.0,1.7976931348623157e+308,1.7976931348623157e+308,74610.0,62280.0,0.0,1.7976931348623157e+308,16:08:14,500,69410.0,5,69450.0,5,348009.3340922026,20211007
20211008,cu2110,69400.0,68450.0,68350.0,0.0,69290.0,69920.0,69290.0,17570,6114524000.0,37295.0,1.7976931348623157e+308,1.7976931348623157e+308,74610.0,62280.0,0.0,1.7976931348623157e+308,16:08:15,0,69410.0,5,69450.0,5,348009.3340922026,20211007
20211008,cu2110,69400.0,68450.0,68350.0,0.0,69290.0,69920.0,69290.0,17570,6114524000.0,37295.0,1.7976931348623157e+308,1.7976931348623157e+308,74610.0,62280.0,0.0,1.7976931348623157e+308,16:08:15,500,69390.0,45,69450.0,5,348009.3340922026,20211007
20211008,cu2110,69400.0,68450.0,68350.0,0.0,69290.0,69920.0,69290.0,17570,6114524000.0,37295.0,1.7976931348623157e+308,1.7976931348623157e+308,74610.0,62280.0,0.0,1.7976931348623157e+308,16:08:16,0,69400.0,5,69450.0,5,348009.3340922026,20211007
20211008,cu2110,69400.0,68450.0,68350.0,0.0,69290.0,69920.0,69290.0,17570,6114524000.0,37295.0,1.7976931348623157e+308,1.7976931348623157e+308,74610.0,62280.0,0.0,1.7976931348623157e+308,16:08:16,500,69410.0,5,69450.0,15,348009.3340922026,20211007
20211008,cu2110,69400.0,68450.0,68350.0,0.0,69290.0,69920.0,69290.0,17570,6114524000.0,37295.0,1.7976931348623157e+308,1.7976931348623157e+308,74610.0,62280.0,0.0,1.7976931348623157e+308,16:08:17,0,69410.0,5,69450.0,15,348009.3340922026,20211007
20211008,cu2110,69400.0,68450.0,68350.0,0.0,69290.0,69920.0,69290.0,17570,6114524000.0,37295.0,1.7976931348623157e+308,1.7976931348623157e+308,74610.0,62280.0,0.0,1.7976931348623157e+308,16:08:18,0,69410.0,10,69450.0,15,348009.3340922026,20211007
20211008,cu2110,69400.0,68450.0,68350.0,0.0,69290.0,69920.0,69290.0,17570,6114524000.0,37295.0,1.7976931348623157e+308,1.7976931348623157e+308,74610.0,62280.0,0.0,1.7976931348623157e+308,16:08:19,0,69410.0,10,69450.0,5,348009.3340922026,20211007
20211008,cu2110,69400.0,68450.0,68350.0,0.0,69290.0,69920.0,69290.0,17570,6114524000.0,37295.0,1.7976931348623157e+308,1.7976931348623157e+308,74610.0,62280.0,0.0,1.7976931348623157e+308,16:08:19,500,69410.0,10,69450.0,5,348009.3340922026,20211007
20211008,cu2110,69400.0,68450.0,68350.0,0.0,69290.0,69920.0,69290.0,17570,6114524000.0,37295.0,1.7976931348623157e+308,1.7976931348623157e+308,74610.0,62280.0,0.0,1.7976931348623157e+308,16:08:24,500,69410.0,15,69450.0,5,348009.3340922026,20211007
20211008,cu2110,69400.0,68450.0,68350.0,0.0,69290.0,69920.0,69290.0,17570,6114524000.0,37295.0,1.7976931348623157e+308,1.7976931348623157e+308,74610.0,62280.0,0.0,1.7976931348623157e+308,16:08:25,0,69420.0,5,69450.0,5,348009.3340922026,20211007
20211008,cu2110,69400.0,68450.0,68350.0,0.0,69290.0,69920.0,69290.0,17570,6114524000.0,37295.0,1.7976931348623157e+308,1.7976931348623157e+308,74610.0,62280.0,0.0,1.7976931348623157e+308,16:08:25,500,69420.0,5,69450.0,5,348009.3340922026,20211007
20211008,cu2110,69400.0,68450.0,68350.0,0.0,69290.0,69920.0,69290.0,17570,6114524000.0,37295.0,1.7976931348623157e+308,1.7976931348623157e+308,74610.0,62280.0,0.0,1.7976931348623157e+308,16:08:26,0,69420.0,5,69450.0,5,348009.3340922026,20211007
20211008,cu2110,69400.0,68450.0,68350.0,0.0,69290.0,69920.0,69290.0,17570,6114524000.0,37295.0,1.7976931348623157e+308,1.7976931348623157e+308,74610.0,62280.0,0.0,1.7976931348623157e+308,16:08:28,500,69410.0,10,69450.0,25,348009.3340922026,20211007
20211008,cu2110,69400.0,68450.0,68350.0,0.0,69290.0,69920.0,69290.0,17570,6114524000.0,37295.0,1.7976931348623157e+308,1.7976931348623157e+308,74610.0,62280.0,0.0,1.7976931348623157e+308,16:08:29,0,69430.0,10,69450.0,25,348009.3340922026,20211007
20211008,cu2110,69400.0,68450.0,68350.0,0.0,69290.0,69920.0,69290.0,17570,6114524000.0,37295.0,1.7976931348623157e+308,1.7976931348623157e+308,74610.0,62280.0,0.0,1.7976931348623157e+308,16:08:29,500,69430.0,10,69450.0,25,348009.3340922026,20211007
20211008,cu2110,69400.0,68450.0,68350.0,0.0,69290.0,69920.0,69290.0,17570,6114524000.0,37295.0,1.7976931348623157e+308,1.7976931348623157e+308,74610.0,62280.0,0.0,1.7976931348623157e+308,16:08:30,0,69430.0,10,69450.0,25,348009.3340922026,20211007
20211008,cu2110,69400.0,68450.0,68350.0,0.0,69290.0,69920.0,69290.0,17570,6114524000.0,37295.0,1.7976931348623157e+308,1.7976931348623157e+308,74610.0,62280.0,0.0,1.7976931348623157e+308,16:08:30,500,69430.0,5,69450.0,25,348009.3340922026,20211007
20211008,cu2110,69400.0,68450.0,68350.0,0.0,69290.0,69920.0,69290.0,17570,6114524000.0,37295.0,1.7976931348623157e+308,1.7976931348623157e+308,74610.0,62280.0,0.0,1.7976931348623157e+308,16:08:32,0,69410.0,5,69450.0,25,348009.3340922026,20211007
20211008,cu2110,69400.0,68450.0,68350.0,0.0,69290.0,69920.0,69290.0,17570,6114524000.0,37295.0,1.7976931348623157e+308,1.7976931348623157e+308,74610.0,62280.0,0.0,1.7976931348623157e+308,16:08:32,500,69410.0,30,69450.0,25,348009.3340922026,20211007
20211008,cu2110,69400.0,68450.0,68350.0,0.0,69290.0,69920.0,69290.0,17570,6114524000.0,37295.0,1.7976931348623157e+308,1.7976931348623157e+308,74610.0,62280.0,0.0,1.7976931348623157e+308,16:08:33,0,69410.0,25,69450.0,25,348009.3340922026,20211007
20211008,cu2110,69400.0,68450.0,68350.0,0.0,69290.0,69920.0,69290.0,17570,6114524000.0,37295.0,1.7976931348623157e+308,1.7976931348623157e+308,74610.0,62280.0,0.0,1.7976931348623157e+308,16:08:34,500,69410.0,15,69450.0,25,348009.3340922026,20211007
20211008,cu2110,69400.0,68450.0,68350.0,0.0,69290.0,69920.0,69290.0,17570,6114524000.0,37295.0,1.7976931348623157e+308,1.7976931348623157e+308,74610.0,62280.0,0.0,1.7976931348623157e+308,16:08:35,500,69410.0,10,69450.0,25,348009.3340922026,20211007
20211008,cu2110,69400.0,68450.0,68350.0,0.0,69290.0,69920.0,69290.0,17570,6114524000.0,37295.0,1.7976931348623157e+308,1.7976931348623157e+308,74610.0,62280.0,0.0,1.7976931348623157e+308,16:08:38,500,69440.0,20,69450.0,25,348009.3340922026,20211007
20211008,cu2110,69400.0,68450.0,68350.0,0.0,69290.0,69920.0,69290.0,17570,6114524000.0,37295.0,1.7976931348623157e+308,1.7976931348623157e+308,74610.0,62280.0,0.0,1.7976931348623157e+308,16:08:39,0,69440.0,20,69450.0,25,348009.3340922026,20211007
20211008,cu2110,69440.0,68450.0,68350.0,0.0,69290.0,69920.0,69290.0,17585,6119732000.0,37280.0,1.7976931348623157e+308,1.7976931348623157e+308,74610.0,62280.0,0.0,1.7976931348623157e+308,16:08:39,500,69440.0,5,69450.0,25,348008.6437304521,20211007
20211008,cu2110,69440.0,68450.0,68350.0,0.0,69290.0,69920.0,69290.0,17590,6121468000.0,37280.0,1.7976931348623157e+308,1.7976931348623157e+308,74610.0,62280.0,0.0,1.7976931348623157e+308,16:08:40,0,69410.0,5,69440.0,5,348008.4138715179,20211007
20211008,cu2110,69440.0,68450.0,68350.0,0.0,69290.0,69920.0,69290.0,17590,6121468000.0,37280.0,1.7976931348623157e+308,1.7976931348623157e+308,74610.0,62280.0,0.0,1.7976931348623157e+308,16:08:40,500,69390.0,45,69450.0,25,348008.4138715179,20211007
20211008,cu2110,69440.0,68450.0,68350.0,0.0,69290.0,69920.0,69290.0,17590,6121468000.0,37280.0,1.7976931348623157e+308,1.7976931348623157e+308,74610.0,62280.0,0.0,1.7976931348623157e+308,16:08:41,0,69390.0,75,69430.0,55,348008.4138715179,20211007
20211008,cu2110,69430.0,68450.0,68350.0,0.0,69290.0,69920.0,69290.0,17645,6140561250.0,37225.0,1.7976931348623157e+308,1.7976931348623157e+308,74610.0,62280.0,0.0,1.7976931348623157e+308,16:08:41,500,69390.0,55,69450.0,25,348005.7381694531,20211007
20211008,cu2110,69430.0,68450.0,68350.0,0.0,69290.0,69920.0,69290.0,17645,6140561250.0,37225.0,1.7976931348623157e+308,1.7976931348623157e+308,74610.0,62280.0,0.0,1.7976931348623157e+308,16:08:42,0,69390.0,75,69450.0,25,348005.7381694531,20211007
20211008,cu2110,69430.0,68450.0,68350.0,0.0,69290.0,69920.0,69290.0,17645,6140561250.0,37225.0,1.7976931348623157e+308,1.7976931348623157e+308,74610.0,62280.0,0.0,1.7976931348623157e+308,16:08:42,500,69400.0,5,69450.0,25,348005.7381694531,20211007
20211008,cu2110,69430.0,68450.0,68350.0,0.0,69290.0,69920.0,69290.0,17645,6140561250.0,37225.0,1.7976931348623157e+308,1.7976931348623157e+308,74610.0,62280.0,0.0,1.7976931348623157e+308,16:08:43,0,69400.0,10,69450.0,25,348005.7381694531,20211007
20211008,cu2110,69430.0,68450.0,68350.0,0.0,69290.0,69920.0,69290.0,17645,6140561250.0,37225.0,1.7976931348623157e+308,1.7976931348623157e+308,74610.0,62280.0,0.0,1.7976931348623157e+308,16:08:44,500,69400.0,45,69450.0,25,348005.7381694531,20211007
20211008,cu2110,69430.0,68450.0,68350.0,0.0,69290.0,69920.0,69290.0,17645,6140561250.0,37225.0,1.7976931348623157e+308,1.7976931348623157e+308,74610.0,62280.0,0.0,1.7976931348623157e+308,16:08:51,500,69400.0,55,69450.0,25,348005.7381694531,20211007
20211008,cu2110,69430.0,68450.0,68350.0,0.0,69290.0,69920.0,69290.0,17645,6140561250.0,37225.0,1.7976931348623157e+308,1.7976931348623157e+308,74610.0,62280.0,0.0,1.7976931348623157e+308,16:08:58,0,69400.0,55,69450.0,30,348005.7381694531,20211007
20211008,cu2110,69430.0,68450.0,68350.0,0.0,69290.0,69920.0,69290.0,17645,6140561250.0,37225.0,1.7976931348623157e+308,1.7976931348623157e+308,74610.0,62280.0,0.0,1.7976931348623157e+308,16:09:00,0,69400.0,55,69450.0,40,348005.7381694531,20211007
20211008,cu2110,69430.0,68450.0,68350.0,0.0,69290.0,69920.0,69290.0,17645,6140561250.0,37225.0,1.7976931348623157e+308,1.7976931348623157e+308,74610.0,62280.0,0.0,1.7976931348623157e+308,16:09:01,0,69400.0,50,69450.0,45,348005.7381694531,20211007
20211008,cu2110,69430.0,68450.0,68350.0,0.0,69290.0,69920.0,69290.0,17645,6140561250.0,37225.0,1.7976931348623157e+308,1.7976931348623157e+308,74610.0,62280.0,0.0,1.7976931348623157e+308,16:09:01,500,69400.0,50,69450.0,40,348005.7381694531,20211007
20211008,cu2110,69430.0,68450.0,68350.0,0.0,69290.0,69920.0,69290.0,17645,6140561250.0,37225.0,1.7976931348623157e+308,1.7976931348623157e+308,74610.0,62280.0,0.0,1.7976931348623157e+308,16:09:02,0,69400.0,55,69450.0,40,348005.7381694531,20211007
20211008,cu2110,69430.0,68450.0,68350.0,0.0,69290.0,69920.0,69290.0,17645,6140561250.0,37225.0,1.7976931348623157e+308,1.7976931348623157e+308,74610.0,62280.0,0.0,1.7976931348623157e+308,16:09:03,0,69400.0,50,69450.0,45,348005.7381694531,20211007
20211008,cu2110,69430.0,68450.0,68350.0,0.0,69290.0,69920.0,69290.0,17645,6140561250.0,37225.0,1.7976931348623157e+308,1.7976931348623157e+308,74610.0,62280.0,0.0,1.7976931348623157e+308,16:09:03,500,69400.0,45,69450.0,45,348005.7381694531,20211007
20211008,cu2110,69430.0,68450.0,68350.0,0.0,69290.0,69920.0,69290.0,17645,6140561250.0,37225.0,1.7976931348623157e+308,1.7976931348623157e+308,74610.0,62280.0,0.0,1.7976931348623157e+308,16:09:05,0,69400.0,45,69450.0,35,348005.7381694531,20211007
20211008,cu2110,69430.0,68450.0,68350.0,0.0,69290.0,69920.0,69290.0,17645,6140561250.0,37225.0,1.7976931348623157e+308,1.7976931348623157e+308,74610.0,62280.0,0.0,1.7976931348623157e+308,16:09:06,0,69400.0,45,69440.0,5,348005.7381694531,20211007
20211008,cu2110,69430.0,68450.0,68350.0,0.0,69290.0,69920.0,69290.0,17645,6140561250.0,37225.0,1.7976931348623157e+308,1.7976931348623157e+308,74610.0,62280.0,0.0,1.7976931348623157e+308,16:09:10,500,69400.0,45,69440.0,15,348005.7381694531,20211007
20211008,cu2110,69430.0,68450.0,68350.0,0.0,69290.0,69920.0,69290.0,17645,6140561250.0,37225.0,1.7976931348623157e+308,1.7976931348623157e+308,74610.0,62280.0,0.0,1.7976931348623157e+308,16:09:11,0,69400.0,45,69430.0,5,348005.7381694531,20211007
20211008,cu2110,69430.0,68450.0,68350.0,0.0,69290.0,69920.0,69290.0,17645,6140561250.0,37225.0,1.7976931348623157e+308,1.7976931348623157e+308,74610.0,62280.0,0.0,1.7976931348623157e+308,16:09:17,0,69400.0,45,69430.0,5,348005.7381694531,20211007
20211008,cu2110,69430.0,68450.0,68350.0,0.0,69290.0,69920.0,69290.0,17645,6140561250.0,37225.0,1.7976931348623157e+308,1.7976931348623157e+308,74610.0,62280.0,0.0,1.7976931348623157e+308,16:09:17,500,69400.0,45,69430.0,15,348005.7381694531,20211007
20211008,cu2110,69430.0,68450.0,68350.0,0.0,69290.0,69920.0,69290.0,17645,6140561250.0,37225.0,1.7976931348623157e+308,1.7976931348623157e+308,74610.0,62280.0,0.0,1.7976931348623157e+308,16:09:20,0,69400.0,45,69430.0,20,348005.7381694531,20211007
20211008,cu2110,69430.0,68450.0,68350.0,0.0,69290.0,69920.0,69290.0,17645,6140561250.0,37225.0,1.7976931348623157e+308,1.7976931348623157e+308,74610.0,62280.0,0.0,1.7976931348623157e+308,16:09:25,500,69400.0,45,69430.0,15,348005.7381694531,20211007
20211008,cu2110,69430.0,68450.0,68350.0,0.0,69290.0,69920.0,69290.0,17645,6140561250.0,37225.0,1.7976931348623157e+308,1.7976931348623157e+308,74610.0,62280.0,0.0,1.7976931348623157e+308,16:09:27,0,69400.0,45,69420.0,5,348005.7381694531,20211007
20211008,cu2110,69430.0,68450.0,68350.0,0.0,69290.0,69920.0,69290.0,17645,6140561250.0,37225.0,1.7976931348623157e+308,1.7976931348623157e+308,74610.0,62280.0,0.0,1.7976931348623157e+308,16:09:27,500,69400.0,45,69420.0,5,348005.7381694531,20211007
20211008,cu2110,69430.0,68450.0,68350.0,0.0,69290.0,69920.0,69290.0,17645,6140561250.0,37225.0,1.7976931348623157e+308,1.7976931348623157e+308,74610.0,62280.0,0.0,1.7976931348623157e+308,16:09:28,500,69400.0,45,69420.0,5,348005.7381694531,20211007
20211008,cu2110,69430.0,68450.0,68350.0,0.0,69290.0,69920.0,69290.0,17645,6140561250.0,37225.0,1.7976931348623157e+308,1.7976931348623157e+308,74610.0,62280.0,0.0,1.7976931348623157e+308,16:09:29,0,69400.0,45,69420.0,5,348005.7381694531,20211007
20211008,cu2110,69430.0,68450.0,68350.0,0.0,69290.0,69920.0,69290.0,17645,6140561250.0,37225.0,1.7976931348623157e+308,1.7976931348623157e+308,74610.0,62280.0,0.0,1.7976931348623157e+308,16:09:29,500,69400.0,45,69440.0,5,348005.7381694531,20211007
20211008,cu2110,69430.0,68450.0,68350.0,0.0,69290.0,69920.0,69290.0,17645,6140561250.0,37225.0,1.7976931348623157e+308,1.7976931348623157e+308,74610.0,62280.0,0.0,1.7976931348623157e+308,16:09:30,0,69400.0,45,69440.0,20,348005.7381694531,20211007
20211008,cu2110,69430.0,68450.0,68350.0,0.0,69290.0,69920.0,69290.0,17645,6140561250.0,37225.0,1.7976931348623157e+308,1.7976931348623157e+308,74610.0,62280.0,0.0,1.7976931348623157e+308,16:09:30,500,69400.0,45,69430.0,5,348005.7381694531,20211007
20211008,cu2110,69430.0,68450.0,68350.0,0.0,69290.0,69920.0,69290.0,17645,6140561250.0,37225.0,1.7976931348623157e+308,1.7976931348623157e+308,74610.0,62280.0,0.0,1.7976931348623157e+308,16:09:31,0,69400.0,45,69430.0,5,348005.7381694531,20211007
20211008,cu2110,69430.0,68450.0,68350.0,0.0,69290.0,69920.0,69290.0,17645,6140561250.0,37225.0,1.7976931348623157e+308,1.7976931348623157e+308,74610.0,62280.0,0.0,1.7976931348623157e+308,16:09:31,500,69400.0,45,69430.0,5,348005.7381694531,20211007
20211008,cu2110,69430.0,68450.0,68350.0,0.0,69290.0,69920.0,69290.0,17645,6140561250.0,37225.0,1.7976931348623157e+308,1.7976931348623157e+308,74610.0,62280.0,0.0,1.7976931348623157e+308,16:09:32,500,69400.0,45,69430.0,15,348005.7381694531,20211007
20211008,cu2110,69430.0,68450.0,68350.0,0.0,69290.0,69920.0,69290.0,17645,6140561250.0,37225.0,1.7976931348623157e+308,1.7976931348623157e+308,74610.0,62280.0,0.0,1.7976931348623157e+308,16:09:33,0,69400.0,45,69430.0,20,348005.7381694531,20211007
20211008,cu2110,69430.0,68450.0,68350.0,0.0,69290.0,69920.0,69290.0,17645,6140561250.0,37225.0,1.7976931348623157e+308,1.7976931348623157e+308,74610.0,62280.0,0.0,1.7976931348623157e+308,16:09:33,500,69400.0,45,69430.0,10,348005.7381694531,20211007
20211008,cu2110,69430.0,68450.0,68350.0,0.0,69290.0,69920.0,69290.0,17645,6140561250.0,37225.0,1.7976931348623157e+308,1.7976931348623157e+308,74610.0,62280.0,0.0,1.7976931348623157e+308,16:09:35,500,69400.0,45,69430.0,15,348005.7381694531,20211007
20211008,cu2110,69430.0,68450.0,68350.0,0.0,69290.0,69920.0,69290.0,17645,6140561250.0,37225.0,1.7976931348623157e+308,1.7976931348623157e+308,74610.0,62280.0,0.0,1.7976931348623157e+308,16:09:36,0,69400.0,45,69430.0,20,348005.7381694531,20211007
20211008,cu2110,69430.0,68450.0,68350.0,0.0,69290.0,69920.0,69290.0,17645,6140561250.0,37225.0,1.7976931348623157e+308,1.7976931348623157e+308,74610.0,62280.0,0.0,1.7976931348623157e+308,16:09:36,500,69400.0,45,69430.0,10,348005.7381694531,20211007
20211008,cu2110,69430.0,68450.0,68350.0,0.0,69290.0,69920.0,69290.0,17645,6140561250.0,37225.0,1.7976931348623157e+308,1.7976931348623157e+308,74610.0,62280.0,0.0,1.7976931348623157e+308,16:09:39,500,69400.0,45,69430.0,5,348005.7381694531,20211007
20211008,cu2110,69430.0,68450.0,68350.0,0.0,69290.0,69920.0,69290.0,17645,6140561250.0,37225.0,1.7976931348623157e+308,1.7976931348623157e+308,74610.0,62280.0,0.0,1.7976931348623157e+308,16:09:40,0,69400.0,45,69440.0,5,348005.7381694531,20211007
20211008,cu2110,69430.0,68450.0,68350.0,0.0,69290.0,69920.0,69290.0,17645,6140561250.0,37225.0,1.7976931348623157e+308,1.7976931348623157e+308,74610.0,62280.0,0.0,1.7976931348623157e+308,16:09:40,500,69400.0,45,69440.0,20,348005.7381694531,20211007
20211008,cu2110,69430.0,68450.0,68350.0,0.0,69290.0,69920.0,69290.0,17645,6140561250.0,37225.0,1.7976931348623157e+308,1.7976931348623157e+308,74610.0,62280.0,0.0,1.7976931348623157e+308,16:09:41,0,69400.0,45,69440.0,15,348005.7381694531,20211007
20211008,cu2110,69430.0,68450.0,68350.0,0.0,69290.0,69920.0,69290.0,17645,6140561250.0,37225.0,1.7976931348623157e+308,1.7976931348623157e+308,74610.0,62280.0,0.0,1.7976931348623157e+308,16:09:42,0,69400.0,45,69440.0,20,348005.7381694531,20211007
20211008,cu2110,69430.0,68450.0,68350.0,0.0,69290.0,69920.0,69290.0,17645,6140561250.0,37225.0,1.7976931348623157e+308,1.7976931348623157e+308,74610.0,62280.0,0.0,1.7976931348623157e+308,16:09:43,0,69400.0,45,69440.0,10,348005.7381694531,20211007
20211008,cu2110,69430.0,68450.0,68350.0,0.0,69290.0,69920.0,69290.0,17645,6140561250.0,37225.0,1.7976931348623157e+308,1.7976931348623157e+308,74610.0,62280.0,0.0,1.7976931348623157e+308,16:09:43,500,69400.0,45,69440.0,20,348005.7381694531,20211007
20211008,cu2110,69430.0,68450.0,68350.0,0.0,69290.0,69920.0,69290.0,17645,6140561250.0,37225.0,1.7976931348623157e+308,1.7976931348623157e+308,74610.0,62280.0,0.0,1.7976931348623157e+308,16:09:44,500,69400.0,45,69440.0,25,348005.7381694531,20211007
20211008,cu2110,69430.0,68450.0,68350.0,0.0,69290.0,69920.0,69290.0,17645,6140561250.0,37225.0,1.7976931348623157e+308,1.7976931348623157e+308,74610.0,62280.0,0.0,1.7976931348623157e+308,16:09:46,0,69400.0,45,69430.0,5,348005.7381694531,20211007
20211008,cu2110,69430.0,68450.0,68350.0,0.0,69290.0,69920.0,69290.0,17645,6140561250.0,37225.0,1.7976931348623157e+308,1.7976931348623157e+308,74610.0,62280.0,0.0,1.7976931348623157e+308,16:09:46,500,69400.0,45,69430.0,5,348005.7381694531,20211007
20211008,cu2110,69430.0,68450.0,68350.0,0.0,69290.0,69920.0,69290.0,17645,6140561250.0,37225.0,1.7976931348623157e+308,1.7976931348623157e+308,74610.0,62280.0,0.0,1.7976931348623157e+308,16:09:52,500,69400.0,45,69430.0,5,348005.7381694531,20211007
20211008,cu2110,69430.0,68450.0,68350.0,0.0,69290.0,69920.0,69290.0,17645,6140561250.0,37225.0,1.7976931348623157e+308,1.7976931348623157e+308,74610.0,62280.0,0.0,1.7976931348623157e+308,16:09:54,0,69400.0,45,69430.0,10,348005.7381694531,20211007
20211008,cu2110,69430.0,68450.0,68350.0,0.0,69290.0,69920.0,69290.0,17645,6140561250.0,37225.0,1.7976931348623157e+308,1.7976931348623157e+308,74610.0,62280.0,0.0,1.7976931348623157e+308,16:09:55,0,69400.0,45,69430.0,10,348005.7381694531,20211007
20211008,cu2110,69430.0,68450.0,68350.0,0.0,69290.0,69920.0,69290.0,17645,6140561250.0,37225.0,1.7976931348623157e+308,1.7976931348623157e+308,74610.0,62280.0,0.0,1.7976931348623157e+308,16:10:05,0,69400.0,45,69430.0,30,348005.7381694531,20211007
20211008,cu2110,69430.0,68450.0,68350.0,0.0,69290.0,69920.0,69290.0,17645,6140561250.0,37225.0,1.7976931348623157e+308,1.7976931348623157e+308,74610.0,62280.0,0.0,1.7976931348623157e+308,16:10:06,0,69400.0,45,69430.0,30,348005.7381694531,20211007
20211008,cu2110,69430.0,68450.0,68350.0,0.0,69290.0,69920.0,69290.0,17650,6142297000.0,37220.0,1.7976931348623157e+308,1.7976931348623157e+308,74610.0,62280.0,0.0,1.7976931348623157e+308,16:10:14,500,69400.0,45,69430.0,25,348005.4957507082,20211007
20211008,cu2110,69430.0,68450.0,68350.0,0.0,69290.0,69920.0,69290.0,17650,6142297000.0,37220.0,1.7976931348623157e+308,1.7976931348623157e+308,74610.0,62280.0,0.0,1.7976931348623157e+308,16:10:33,500,69410.0,20,69430.0,25,348005.4957507082,20211007
20211008,cu2110,69430.0,68450.0,68350.0,0.0,69290.0,69920.0,69290.0,17650,6142297000.0,37220.0,1.7976931348623157e+308,1.7976931348623157e+308,74610.0,62280.0,0.0,1.7976931348623157e+308,16:10:37,500,69410.0,20,69430.0,35,348005.4957507082,20211007
20211008,cu2110,69430.0,68450.0,68350.0,0.0,69290.0,69920.0,69290.0,17650,6142297000.0,37220.0,1.7976931348623157e+308,1.7976931348623157e+308,74610.0,62280.0,0.0,1.7976931348623157e+308,16:10:38,500,69410.0,20,69430.0,25,348005.4957507082,20211007
20211008,cu2110,69430.0,68450.0,68350.0,0.0,69290.0,69920.0,69290.0,17650,6142297000.0,37220.0,1.7976931348623157e+308,1.7976931348623157e+308,74610.0,62280.0,0.0,1.7976931348623157e+308,16:10:41,0,69410.0,20,69430.0,25,348005.4957507082,20211007
20211008,cu2110,69430.0,68450.0,68350.0,0.0,69290.0,69920.0,69290.0,17650,6142297000.0,37220.0,1.7976931348623157e+308,1.7976931348623157e+308,74610.0,62280.0,0.0,1.7976931348623157e+308,16:10:42,0,69410.0,20,69430.0,25,348005.4957507082,20211007
20211008,cu2110,69430.0,68450.0,68350.0,0.0,69290.0,69920.0,69290.0,17650,6142297000.0,37220.0,1.7976931348623157e+308,1.7976931348623157e+308,74610.0,62280.0,0.0,1.7976931348623157e+308,16:10:54,0,69410.0,30,69430.0,25,348005.4957507082,20211007
20211008,cu2110,69410.0,68450.0,68350.0,0.0,69290.0,69920.0,69290.0,17665,6147502750.0,37220.0,1.7976931348623157e+308,1.7976931348623157e+308,74610.0,62280.0,0.0,1.7976931348623157e+308,16:10:57,0,69410.0,15,69430.0,25,348004.68440418906,20211007
20211008,cu2110,69410.0,68450.0,68350.0,0.0,69290.0,69920.0,69290.0,17680,6152708500.0,37225.0,1.7976931348623157e+308,1.7976931348623157e+308,74610.0,62280.0,0.0,1.7976931348623157e+308,16:10:59,0,69400.0,45,69410.0,45,348003.8744343891,20211007
20211008,cu2110,69410.0,68450.0,68350.0,0.0,69290.0,69920.0,69290.0,17690,6156179000.0,37235.0,1.7976931348623157e+308,1.7976931348623157e+308,74610.0,62280.0,0.0,1.7976931348623157e+308,16:11:01,0,69400.0,45,69410.0,55,348003.33521763707,20211007
20211008,cu2110,69400.0,68450.0,68350.0,0.0,69290.0,69920.0,69290.0,17695,6157914000.0,37230.0,1.7976931348623157e+308,1.7976931348623157e+308,74610.0,62280.0,0.0,1.7976931348623157e+308,16:11:01,500,69400.0,40,69410.0,55,348003.05170952243,20211007
20211008,cu2110,69410.0,68450.0,68350.0,0.0,69290.0,69920.0,69290.0,17715,6164855000.0,37230.0,1.7976931348623157e+308,1.7976931348623157e+308,74610.0,62280.0,0.0,1.7976931348623157e+308,16:11:02,500,69400.0,40,69410.0,35,348001.9757267852,20211007
20211008,cu2110,69410.0,68450.0,68350.0,0.0,69290.0,69920.0,69290.0,17715,6164855000.0,37230.0,1.7976931348623157e+308,1.7976931348623157e+308,74610.0,62280.0,0.0,1.7976931348623157e+308,16:11:05,0,69400.0,40,69410.0,35,348001.9757267852,20211007
20211008,cu2110,69410.0,68450.0,68350.0,0.0,69290.0,69920.0,69290.0,17715,6164855000.0,37230.0,1.7976931348623157e+308,1.7976931348623157e+308,74610.0,62280.0,0.0,1.7976931348623157e+308,16:11:10,0,69400.0,40,69410.0,35,348001.9757267852,20211007
20211008,cu2110,69410.0,68450.0,68350.0,0.0,69290.0,69920.0,69290.0,17735,6171796000.0,37225.0,1.7976931348623157e+308,1.7976931348623157e+308,74610.0,62280.0,0.0,1.7976931348623157e+308,16:11:10,500,69400.0,40,69410.0,15,348000.9021708486,20211007
20211008,cu2110,69410.0,68450.0,68350.0,0.0,69290.0,69920.0,69290.0,17735,6171796000.0,37225.0,1.7976931348623157e+308,1.7976931348623157e+308,74610.0,62280.0,0.0,1.7976931348623157e+308,16:11:11,0,69400.0,45,69410.0,15,348000.9021708486,20211007
20211008,cu2110,69410.0,68450.0,68350.0,0.0,69290.0,69920.0,69290.0,17750,6177001750.0,37210.0,1.7976931348623157e+308,1.7976931348623157e+308,74610.0,62280.0,0.0,1.7976931348623157e+308,16:11:15,500,69410.0,20,69430.0,25,348000.0985915493,20211007
20211008,cu2110,69410.0,68450.0,68350.0,0.0,69290.0,69920.0,69290.0,17750,6177001750.0,37210.0,1.7976931348623157e+308,1.7976931348623157e+308,74610.0,62280.0,0.0,1.7976931348623157e+308,16:11:18,0,69410.0,20,69420.0,5,348000.0985915493,20211007
20211008,cu2110,69410.0,68450.0,68350.0,0.0,69290.0,69920.0,69290.0,17755,6178737000.0,37210.0,1.7976931348623157e+308,1.7976931348623157e+308,74610.0,62280.0,0.0,1.7976931348623157e+308,16:11:18,500,69410.0,15,69430.0,25,347999.83103351167,20211007
20211008,cu2110,69410.0,68450.0,68350.0,0.0,69290.0,69920.0,69290.0,17770,6183942750.0,37210.0,1.7976931348623157e+308,1.7976931348623157e+308,74610.0,62280.0,0.0,1.7976931348623157e+308,16:11:20,0,69400.0,45,69430.0,30,347999.02926280245,20211007
20211008,cu2110,69410.0,68450.0,68350.0,0.0,69290.0,69920.0,69290.0,17770,6183942750.0,37210.0,1.7976931348623157e+308,1.7976931348623157e+308,74610.0,62280.0,0.0,1.7976931348623157e+308,16:11:20,500,69400.0,45,69430.0,35,347999.02926280245,20211007
20211008,cu2110,69410.0,68450.0,68350.0,0.0,69290.0,69920.0,69290.0,17770,6183942750.0,37210.0,1.7976931348623157e+308,1.7976931348623157e+308,74610.0,62280.0,0.0,1.7976931348623157e+308,16:11:21,0,69400.0,45,69420.0,10,347999.02926280245,20211007
20211008,cu2110,69410.0,68450.0,68350.0,0.0,69290.0,69920.0,69290.0,17770,6183942750.0,37210.0,1.7976931348623157e+308,1.7976931348623157e+308,74610.0,62280.0,0.0,1.7976931348623157e+308,16:11:22,0,69400.0,45,69420.0,15,347999.02926280245,20211007
20211008,cu2110,69410.0,68450.0,68350.0,0.0,69290.0,69920.0,69290.0,17770,6183942750.0,37210.0,1.7976931348623157e+308,1.7976931348623157e+308,74610.0,62280.0,0.0,1.7976931348623157e+308,16:11:24,500,69400.0,45,69410.0,5,347999.02926280245,20211007
20211008,cu2110,69400.0,68450.0,68350.0,0.0,69290.0,69920.0,69290.0,17775,6185677750.0,37210.0,1.7976931348623157e+308,1.7976931348623157e+308,74610.0,62280.0,0.0,1.7976931348623157e+308,16:11:25,0,69400.0,40,69410.0,5,347998.7482419128,20211007
20211008,cu2110,69400.0,68450.0,68350.0,0.0,69290.0,69920.0,69290.0,17775,6185677750.0,37210.0,1.7976931348623157e+308,1.7976931348623157e+308,74610.0,62280.0,0.0,1.7976931348623157e+308,16:11:25,500,69400.0,40,69420.0,5,347998.7482419128,20211007
20211008,cu2110,69400.0,68450.0,68350.0,0.0,69290.0,69920.0,69290.0,17775,6185677750.0,37210.0,1.7976931348623157e+308,1.7976931348623157e+308,74610.0,62280.0,0.0,1.7976931348623157e+308,16:11:26,0,69410.0,10,69420.0,5,347998.7482419128,20211007
20211008,cu2110,69410.0,68450.0,68350.0,0.0,69290.0,69920.0,69290.0,17785,6189148250.0,37210.0,1.7976931348623157e+308,1.7976931348623157e+308,74610.0,62280.0,0.0,1.7976931348623157e+308,16:11:26,500,69400.0,40,69420.0,15,347998.2147877425,20211007
20211008,cu2110,69410.0,68450.0,68350.0,0.0,69290.0,69920.0,69290.0,17785,6189148250.0,37210.0,1.7976931348623157e+308,1.7976931348623157e+308,74610.0,62280.0,0.0,1.7976931348623157e+308,16:11:27,500,69400.0,40,69420.0,25,347998.2147877425,20211007
20211008,cu2110,69410.0,68450.0,68350.0,0.0,69290.0,69920.0,69290.0,17785,6189148250.0,37210.0,1.7976931348623157e+308,1.7976931348623157e+308,74610.0,62280.0,0.0,1.7976931348623157e+308,16:11:28,0,69400.0,40,69420.0,20,347998.2147877425,20211007
20211008,cu2110,69410.0,68450.0,68350.0,0.0,69290.0,69920.0,69290.0,17785,6189148250.0,37210.0,1.7976931348623157e+308,1.7976931348623157e+308,74610.0,62280.0,0.0,1.7976931348623157e+308,16:11:28,500,69400.0,40,69420.0,25,347998.2147877425,20211007
20211008,cu2110,69410.0,68450.0,68350.0,0.0,69290.0,69920.0,69290.0,17785,6189148250.0,37210.0,1.7976931348623157e+308,1.7976931348623157e+308,74610.0,62280.0,0.0,1.7976931348623157e+308,16:11:29,0,69400.0,40,69410.0,40,347998.2147877425,20211007
20211008,cu2110,69410.0,68450.0,68350.0,0.0,69290.0,69920.0,69290.0,17785,6189148250.0,37210.0,1.7976931348623157e+308,1.7976931348623157e+308,74610.0,62280.0,0.0,1.7976931348623157e+308,16:11:30,0,69400.0,40,69410.0,40,347998.2147877425,20211007
20211008,cu2110,69410.0,68450.0,68350.0,0.0,69290.0,69920.0,69290.0,17785,6189148250.0,37210.0,1.7976931348623157e+308,1.7976931348623157e+308,74610.0,62280.0,0.0,1.7976931348623157e+308,16:11:31,0,69400.0,40,69410.0,40,347998.2147877425,20211007
20211008,cu2110,69410.0,68450.0,68350.0,0.0,69290.0,69920.0,69290.0,17825,6203030250.0,37250.0,1.7976931348623157e+308,1.7976931348623157e+308,74610.0,62280.0,0.0,1.7976931348623157e+308,16:11:33,0,69410.0,10,69420.0,25,347996.0869565217,20211007
20211008,cu2110,69410.0,68450.0,68350.0,0.0,69290.0,69920.0,69290.0,17835,6206500750.0,37260.0,1.7976931348623157e+308,1.7976931348623157e+308,74610.0,62280.0,0.0,1.7976931348623157e+308,16:11:33,500,69400.0,40,69410.0,15,347995.55649004766,20211007
20211008,cu2110,69410.0,68450.0,68350.0,0.0,69290.0,69920.0,69290.0,17835,6206500750.0,37260.0,1.7976931348623157e+308,1.7976931348623157e+308,74610.0,62280.0,0.0,1.7976931348623157e+308,16:11:34,0,69400.0,40,69410.0,5,347995.55649004766,20211007
20211008,cu2110,69410.0,68450.0,68350.0,0.0,69290.0,69920.0,69290.0,17835,6206500750.0,37260.0,1.7976931348623157e+308,1.7976931348623157e+308,74610.0,62280.0,0.0,1.7976931348623157e+308,16:11:37,500,69400.0,40,69410.0,5,347995.55649004766,20211007
20211008,cu2110,69410.0,68450.0,68350.0,0.0,69290.0,69920.0,69290.0,17840,6208236000.0,37260.0,1.7976931348623157e+308,1.7976931348623157e+308,74610.0,62280.0,0.0,1.7976931348623157e+308,16:11:51,500,69410.0,5,69420.0,25,347995.2914798206,20211007
20211008,cu2110,69410.0,68450.0,68350.0,0.0,69290.0,69920.0,69290.0,17845,6209971250.0,37260.0,1.7976931348623157e+308,1.7976931348623157e+308,74610.0,62280.0,0.0,1.7976931348623157e+308,16:11:52,0,69400.0,40,69410.0,10,347995.0266181003,20211007
20211008,cu2110,69410.0,68450.0,68350.0,0.0,69290.0,69920.0,69290.0,17845,6209971250.0,37260.0,1.7976931348623157e+308,1.7976931348623157e+308,74610.0,62280.0,0.0,1.7976931348623157e+308,16:11:52,500,69400.0,40,69420.0,25,347995.0266181003,20211007
20211008,cu2110,69410.0,68450.0,68350.0,0.0,69290.0,69920.0,69290.0,17845,6209971250.0,37260.0,1.7976931348623157e+308,1.7976931348623157e+308,74610.0,62280.0,0.0,1.7976931348623157e+308,16:11:53,0,69400.0,40,69420.0,30,347995.0266181003,20211007
20211008,cu2110,69410.0,68450.0,68350.0,0.0,69290.0,69920.0,69290.0,17845,6209971250.0,37260.0,1.7976931348623157e+308,1.7976931348623157e+308,74610.0,62280.0,0.0,1.7976931348623157e+308,16:11:55,500,69400.0,40,69420.0,25,347995.0266181003,20211007
20211008,cu2110,69410.0,68450.0,68350.0,0.0,69290.0,69920.0,69290.0,17845,6209971250.0,37260.0,1.7976931348623157e+308,1.7976931348623157e+308,74610.0,62280.0,0.0,1.7976931348623157e+308,16:12:01,0,69400.0,40,69420.0,25,347995.0266181003,20211007
20211008,cu2110,69410.0,68450.0,68350.0,0.0,69290.0,69920.0,69290.0,17845,6209971250.0,37260.0,1.7976931348623157e+308,1.7976931348623157e+308,74610.0,62280.0,0.0,1.7976931348623157e+308,16:12:06,500,69400.0,40,69420.0,25,347995.0266181003,20211007
20211008,cu2110,69410.0,68450.0,68350.0,0.0,69290.0,69920.0,69290.0,17845,6209971250.0,37260.0,1.7976931348623157e+308,1.7976931348623157e+308,74610.0,62280.0,0.0,1.7976931348623157e+308,16:12:07,500,69400.0,40,69410.0,50,347995.0266181003,20211007
20211008,cu2110,69410.0,68450.0,68350.0,0.0,69290.0,69920.0,69290.0,17855,6213441750.0,37260.0,1.7976931348623157e+308,1.7976931348623157e+308,74610.0,62280.0,0.0,1.7976931348623157e+308,16:12:17,0,69400.0,40,69410.0,40,347994.49733968073,20211007
20211008,cu2110,69400.0,68450.0,68350.0,0.0,69290.0,69920.0,69290.0,17865,6216911750.0,37250.0,1.7976931348623157e+308,1.7976931348623157e+308,74610.0,62280.0,0.0,1.7976931348623157e+308,16:12:18,0,69400.0,30,69410.0,40,347993.94066610694,20211007
20211008,cu2110,69400.0,68450.0,68350.0,0.0,69290.0,69920.0,69290.0,17895,6227321750.0,37250.0,1.7976931348623157e+308,1.7976931348623157e+308,74610.0,62280.0,0.0,1.7976931348623157e+308,16:12:18,500,69390.0,10,69400.0,10,347992.274378318,20211007
20211008,cu2110,69400.0,68450.0,68350.0,0.0,69290.0,69920.0,69290.0,17895,6227321750.0,37250.0,1.7976931348623157e+308,1.7976931348623157e+308,74610.0,62280.0,0.0,1.7976931348623157e+308,16:12:19,0,69390.0,10,69410.0,40,347992.274378318,20211007
20211008,cu2110,69400.0,68450.0,68350.0,0.0,69290.0,69920.0,69290.0,17895,6227321750.0,37250.0,1.7976931348623157e+308,1.7976931348623157e+308,74610.0,62280.0,0.0,1.7976931348623157e+308,16:12:19,500,69390.0,10,69410.0,45,347992.274378318,20211007
20211008,cu2110,69400.0,68450.0,68350.0,0.0,69290.0,69920.0,69290.0,17895,6227321750.0,37250.0,1.7976931348623157e+308,1.7976931348623157e+308,74610.0,62280.0,0.0,1.7976931348623157e+308,16:12:21,0,69390.0,10,69410.0,40,347992.274378318,20211007
20211008,cu2110,69400.0,68450.0,68350.0,0.0,69290.0,69920.0,69290.0,17895,6227321750.0,37250.0,1.7976931348623157e+308,1.7976931348623157e+308,74610.0,62280.0,0.0,1.7976931348623157e+308,16:12:24,0,69390.0,10,69400.0,5,347992.274378318,20211007
20211008,cu2110,69400.0,68450.0,68350.0,0.0,69290.0,69920.0,69290.0,17895,6227321750.0,37250.0,1.7976931348623157e+308,1.7976931348623157e+308,74610.0,62280.0,0.0,1.7976931348623157e+308,16:12:25,0,69390.0,10,69400.0,10,347992.274378318,20211007
20211008,cu2110,69400.0,68450.0,68350.0,0.0,69290.0,69920.0,69290.0,17895,6227321750.0,37250.0,1.7976931348623157e+308,1.7976931348623157e+308,74610.0,62280.0,0.0,1.7976931348623157e+308,16:12:25,500,69390.0,10,69400.0,5,347992.274378318,20211007
20211008,cu2110,69400.0,68450.0,68350.0,0.0,69290.0,69920.0,69290.0,17895,6227321750.0,37250.0,1.7976931348623157e+308,1.7976931348623157e+308,74610.0,62280.0,0.0,1.7976931348623157e+308,16:12:26,0,69390.0,10,69400.0,5,347992.274378318,20211007
20211008,cu2110,69400.0,68450.0,68350.0,0.0,69290.0,69920.0,69290.0,17895,6227321750.0,37250.0,1.7976931348623157e+308,1.7976931348623157e+308,74610.0,62280.0,0.0,1.7976931348623157e+308,16:12:27,0,69390.0,10,69400.0,5,347992.274378318,20211007
20211008,cu2110,69400.0,68450.0,68350.0,0.0,69290.0,69920.0,69290.0,17895,6227321750.0,37250.0,1.7976931348623157e+308,1.7976931348623157e+308,74610.0,62280.0,0.0,1.7976931348623157e+308,16:12:30,500,69390.0,10,69400.0,10,347992.274378318,20211007
20211008,cu2110,69400.0,68450.0,68350.0,0.0,69290.0,69920.0,69290.0,17895,6227321750.0,37250.0,1.7976931348623157e+308,1.7976931348623157e+308,74610.0,62280.0,0.0,1.7976931348623157e+308,16:12:31,0,69390.0,10,69400.0,10,347992.274378318,20211007
20211008,cu2110,69400.0,68450.0,68350.0,0.0,69290.0,69920.0,69290.0,17895,6227321750.0,37250.0,1.7976931348623157e+308,1.7976931348623157e+308,74610.0,62280.0,0.0,1.7976931348623157e+308,16:12:31,500,69390.0,10,69400.0,5,347992.274378318,20211007
20211008,cu2110,69400.0,68450.0,68350.0,0.0,69290.0,69920.0,69290.0,17895,6227321750.0,37250.0,1.7976931348623157e+308,1.7976931348623157e+308,74610.0,62280.0,0.0,1.7976931348623157e+308,16:12:32,0,69390.0,10,69400.0,10,347992.274378318,20211007
20211008,cu2110,69400.0,68450.0,68350.0,0.0,69290.0,69920.0,69290.0,17895,6227321750.0,37250.0,1.7976931348623157e+308,1.7976931348623157e+308,74610.0,62280.0,0.0,1.7976931348623157e+308,16:12:37,500,69390.0,10,69400.0,15,347992.274378318,20211007
20211008,cu2110,69400.0,68450.0,68350.0,0.0,69290.0,69920.0,69290.0,17895,6227321750.0,37250.0,1.7976931348623157e+308,1.7976931348623157e+308,74610.0,62280.0,0.0,1.7976931348623157e+308,16:12:43,500,69390.0,10,69400.0,15,347992.274378318,20211007
20211008,cu2110,69400.0,68450.0,68350.0,0.0,69290.0,69920.0,69290.0,17895,6227321750.0,37250.0,1.7976931348623157e+308,1.7976931348623157e+308,74610.0,62280.0,0.0,1.7976931348623157e+308,16:12:44,0,69390.0,10,69400.0,15,347992.274378318,20211007
20211008,cu2110,69400.0,68450.0,68350.0,0.0,69290.0,69920.0,69290.0,17895,6227321750.0,37250.0,1.7976931348623157e+308,1.7976931348623157e+308,74610.0,62280.0,0.0,1.7976931348623157e+308,16:12:46,0,69390.0,10,69400.0,10,347992.274378318,20211007
20211008,cu2110,69400.0,68450.0,68350.0,0.0,69290.0,69920.0,69290.0,17895,6227321750.0,37250.0,1.7976931348623157e+308,1.7976931348623157e+308,74610.0,62280.0,0.0,1.7976931348623157e+308,16:12:50,500,69390.0,10,69400.0,10,347992.274378318,20211007
20211008,cu2110,69390.0,68450.0,68350.0,0.0,69290.0,69920.0,69290.0,17900,6229056500.0,37250.0,1.7976931348623157e+308,1.7976931348623157e+308,74610.0,62280.0,0.0,1.7976931348623157e+308,16:12:52,0,69390.0,5,69400.0,15,347991.9832402235,20211007
20211008,cu2110,69390.0,68450.0,68350.0,0.0,69290.0,69920.0,69290.0,17905,6230791250.0,37245.0,1.7976931348623157e+308,1.7976931348623157e+308,74610.0,62280.0,0.0,1.7976931348623157e+308,16:12:52,500,69380.0,25,69390.0,10,347991.6922647305,20211007
20211008,cu2110,69390.0,68450.0,68350.0,0.0,69290.0,69920.0,69290.0,17905,6230791250.0,37245.0,1.7976931348623157e+308,1.7976931348623157e+308,74610.0,62280.0,0.0,1.7976931348623157e+308,16:12:53,0,69380.0,25,69400.0,10,347991.6922647305,20211007
20211008,cu2110,69390.0,68450.0,68350.0,0.0,69290.0,69920.0,69290.0,17905,6230791250.0,37245.0,1.7976931348623157e+308,1.7976931348623157e+308,74610.0,62280.0,0.0,1.7976931348623157e+308,16:12:53,500,69380.0,25,69400.0,20,347991.6922647305,20211007
20211008,cu2110,69390.0,68450.0,68350.0,0.0,69290.0,69920.0,69290.0,17905,6230791250.0,37245.0,1.7976931348623157e+308,1.7976931348623157e+308,74610.0,62280.0,0.0,1.7976931348623157e+308,16:12:55,0,69380.0,25,69400.0,15,347991.6922647305,20211007
20211008,cu2110,69390.0,68450.0,68350.0,0.0,69290.0,69920.0,69290.0,17905,6230791250.0,37245.0,1.7976931348623157e+308,1.7976931348623157e+308,74610.0,62280.0,0.0,1.7976931348623157e+308,16:12:56,0,69380.0,25,69400.0,20,347991.6922647305,20211007
20211008,cu2110,69390.0,68450.0,68350.0,0.0,69290.0,69920.0,69290.0,17905,6230791250.0,37245.0,1.7976931348623157e+308,1.7976931348623157e+308,74610.0,62280.0,0.0,1.7976931348623157e+308,16:12:59,0,69380.0,25,69390.0,5,347991.6922647305,20211007
20211008,cu2110,69390.0,68450.0,68350.0,0.0,69290.0,69920.0,69290.0,17905,6230791250.0,37245.0,1.7976931348623157e+308,1.7976931348623157e+308,74610.0,62280.0,0.0,1.7976931348623157e+308,16:12:59,500,69380.0,25,69390.0,5,347991.6922647305,20211007
20211008,cu2110,69390.0,68450.0,68350.0,0.0,69290.0,69920.0,69290.0,17905,6230791250.0,37245.0,1.7976931348623157e+308,1.7976931348623157e+308,74610.0,62280.0,0.0,1.7976931348623157e+308,16:13:15,500,69380.0,25,69390.0,5,347991.6922647305,20211007
20211008,cu2110,69390.0,68450.0,68350.0,0.0,69290.0,69920.0,69290.0,17905,6230791250.0,37245.0,1.7976931348623157e+308,1.7976931348623157e+308,74610.0,62280.0,0.0,1.7976931348623157e+308,16:13:21,0,69380.0,25,69390.0,5,347991.6922647305,20211007
20211008,cu2110,69390.0,68450.0,68350.0,0.0,69290.0,69920.0,69290.0,17905,6230791250.0,37245.0,1.7976931348623157e+308,1.7976931348623157e+308,74610.0,62280.0,0.0,1.7976931348623157e+308,16:13:26,500,69380.0,25,69390.0,5,347991.6922647305,20211007
20211008,cu2110,69390.0,68450.0,68350.0,0.0,69290.0,69920.0,69290.0,17905,6230791250.0,37245.0,1.7976931348623157e+308,1.7976931348623157e+308,74610.0,62280.0,0.0,1.7976931348623157e+308,16:13:29,0,69380.0,25,69390.0,5,347991.6922647305,20211007
20211008,cu2110,69390.0,68450.0,68350.0,0.0,69290.0,69920.0,69290.0,17905,6230791250.0,37245.0,1.7976931348623157e+308,1.7976931348623157e+308,74610.0,62280.0,0.0,1.7976931348623157e+308,16:13:38,500,69380.0,30,69390.0,5,347991.6922647305,20211007
20211008,cu2110,69390.0,68450.0,68350.0,0.0,69290.0,69920.0,69290.0,17905,6230791250.0,37245.0,1.7976931348623157e+308,1.7976931348623157e+308,74610.0,62280.0,0.0,1.7976931348623157e+308,16:13:41,0,69380.0,30,69390.0,20,347991.6922647305,20211007
20211008,cu2110,69390.0,68450.0,68350.0,0.0,69290.0,69920.0,69290.0,17920,6235995500.0,37245.0,1.7976931348623157e+308,1.7976931348623157e+308,74610.0,62280.0,0.0,1.7976931348623157e+308,16:13:47,0,69380.0,30,69390.0,5,347990.8203125,20211007
20211008,cu2110,69390.0,68450.0,68350.0,0.0,69290.0,69920.0,69290.0,17925,6237730250.0,37245.0,1.7976931348623157e+308,1.7976931348623157e+308,74610.0,62280.0,0.0,1.7976931348623157e+308,16:13:47,500,69380.0,30,69400.0,25,347990.529986053,20211007
20211008,cu2110,69390.0,68450.0,68350.0,0.0,69290.0,69920.0,69290.0,17925,6237730250.0,37245.0,1.7976931348623157e+308,1.7976931348623157e+308,74610.0,62280.0,0.0,1.7976931348623157e+308,16:13:48,0,69380.0,30,69390.0,5,347990.529986053,20211007
20211008,cu2110,69390.0,68450.0,68350.0,0.0,69290.0,69920.0,69290.0,17930,6239465000.0,37245.0,1.7976931348623157e+308,1.7976931348623157e+308,74610.0,62280.0,0.0,1.7976931348623157e+308,16:13:48,500,69390.0,5,69400.0,20,347990.23982152814,20211007
20211008,cu2110,69390.0,68450.0,68350.0,0.0,69290.0,69920.0,69290.0,17930,6239465000.0,37245.0,1.7976931348623157e+308,1.7976931348623157e+308,74610.0,62280.0,0.0,1.7976931348623157e+308,16:14:01,0,69390.0,10,69400.0,20,347990.23982152814,20211007
20211008,cu2110,69400.0,68450.0,68350.0,0.0,69290.0,69920.0,69290.0,17935,6241200000.0,37245.0,1.7976931348623157e+308,1.7976931348623157e+308,74610.0,62280.0,0.0,1.7976931348623157e+308,16:14:04,0,69390.0,10,69400.0,15,347989.9637580151,20211007
20211008,cu2110,69400.0,68450.0,68350.0,0.0,69290.0,69920.0,69290.0,17935,6241200000.0,37245.0,1.7976931348623157e+308,1.7976931348623157e+308,74610.0,62280.0,0.0,1.7976931348623157e+308,16:14:04,500,69390.0,10,69400.0,15,347989.9637580151,20211007
20211008,cu2110,69400.0,68450.0,68350.0,0.0,69290.0,69920.0,69290.0,17935,6241200000.0,37245.0,1.7976931348623157e+308,1.7976931348623157e+308,74610.0,62280.0,0.0,1.7976931348623157e+308,16:14:06,0,69390.0,10,69400.0,20,347989.9637580151,20211007
20211008,cu2110,69400.0,68450.0,68350.0,0.0,69290.0,69920.0,69290.0,17940,6242935000.0,37240.0,1.7976931348623157e+308,1.7976931348623157e+308,74610.0,62280.0,0.0,1.7976931348623157e+308,16:14:08,500,69390.0,10,69400.0,15,347989.6878483835,20211007
20211008,cu2110,69400.0,68450.0,68350.0,0.0,69290.0,69920.0,69290.0,17945,6244670000.0,37235.0,1.7976931348623157e+308,1.7976931348623157e+308,74610.0,62280.0,0.0,1.7976931348623157e+308,16:14:10,0,69390.0,5,69400.0,10,347989.41209250485,20211007
20211008,cu2110,69400.0,68450.0,68350.0,0.0,69290.0,69920.0,69290.0,17945,6244670000.0,37235.0,1.7976931348623157e+308,1.7976931348623157e+308,74610.0,62280.0,0.0,1.7976931348623157e+308,16:14:18,500,69390.0,10,69400.0,10,347989.41209250485,20211007
20211008,cu2110,69400.0,68450.0,68350.0,0.0,69290.0,69920.0,69290.0,17950,6246405000.0,37235.0,1.7976931348623157e+308,1.7976931348623157e+308,74610.0,62280.0,0.0,1.7976931348623157e+308,16:14:30,0,69390.0,10,69400.0,5,347989.1364902507,20211007
20211008,cu2110,69400.0,68450.0,68350.0,0.0,69290.0,69920.0,69290.0,17950,6246405000.0,37235.0,1.7976931348623157e+308,1.7976931348623157e+308,74610.0,62280.0,0.0,1.7976931348623157e+308,16:14:30,500,69390.0,10,69400.0,30,347989.1364902507,20211007
20211008,cu2110,69400.0,68450.0,68350.0,0.0,69290.0,69920.0,69290.0,17950,6246405000.0,37235.0,1.7976931348623157e+308,1.7976931348623157e+308,74610.0,62280.0,0.0,1.7976931348623157e+308,16:14:33,500,69390.0,5,69400.0,30,347989.1364902507,20211007
20211008,cu2110,69390.0,68450.0,68350.0,0.0,69290.0,69920.0,69290.0,17955,6248139750.0,37235.0,1.7976931348623157e+308,1.7976931348623157e+308,74610.0,62280.0,0.0,1.7976931348623157e+308,16:14:36,500,69380.0,25,69390.0,15,347988.8471177945,20211007
20211008,cu2110,69390.0,68450.0,68350.0,0.0,69290.0,69920.0,69290.0,17955,6248139750.0,37235.0,1.7976931348623157e+308,1.7976931348623157e+308,74610.0,62280.0,0.0,1.7976931348623157e+308,16:14:37,0,69380.0,25,69390.0,100,347988.8471177945,20211007
20211008,cu2110,69380.0,68450.0,68350.0,0.0,69290.0,69920.0,69290.0,17960,6249874250.0,37235.0,1.7976931348623157e+308,1.7976931348623157e+308,74610.0,62280.0,0.0,1.7976931348623157e+308,16:14:41,500,69380.0,20,69390.0,100,347988.54398663697,20211007
20211008,cu2110,69380.0,68450.0,68350.0,0.0,69290.0,69920.0,69290.0,17980,6256812250.0,37225.0,1.7976931348623157e+308,1.7976931348623157e+308,74610.0,62280.0,0.0,1.7976931348623157e+308,16:14:42,0,69370.0,20,69390.0,100,347987.33314794215,20211007
20211008,cu2110,69380.0,68450.0,68350.0,0.0,69290.0,69920.0,69290.0,17980,6256812250.0,37225.0,1.7976931348623157e+308,1.7976931348623157e+308,74610.0,62280.0,0.0,1.7976931348623157e+308,16:14:46,500,69370.0,20,69380.0,5,347987.33314794215,20211007
20211008,cu2110,69380.0,68450.0,68350.0,0.0,69290.0,69920.0,69290.0,17980,6256812250.0,37225.0,1.7976931348623157e+308,1.7976931348623157e+308,74610.0,62280.0,0.0,1.7976931348623157e+308,16:14:47,500,69370.0,20,69380.0,5,347987.33314794215,20211007
20211008,cu2110,69380.0,68450.0,68350.0,0.0,69290.0,69920.0,69290.0,17980,6256812250.0,37225.0,1.7976931348623157e+308,1.7976931348623157e+308,74610.0,62280.0,0.0,1.7976931348623157e+308,16:14:48,500,69370.0,20,69380.0,10,347987.33314794215,20211007
20211008,cu2110,69380.0,68450.0,68350.0,0.0,69290.0,69920.0,69290.0,17980,6256812250.0,37225.0,1.7976931348623157e+308,1.7976931348623157e+308,74610.0,62280.0,0.0,1.7976931348623157e+308,16:14:53,0,69370.0,20,69380.0,10,347987.33314794215,20211007
20211008,cu2110,69380.0,68450.0,68350.0,0.0,69290.0,69920.0,69290.0,17980,6256812250.0,37225.0,1.7976931348623157e+308,1.7976931348623157e+308,74610.0,62280.0,0.0,1.7976931348623157e+308,16:14:59,0,69370.0,20,69380.0,35,347987.33314794215,20211007
20211008,cu2110,69380.0,68450.0,68350.0,0.0,69290.0,69920.0,69290.0,17980,6256812250.0,37225.0,1.7976931348623157e+308,1.7976931348623157e+308,74610.0,62280.0,0.0,1.7976931348623157e+308,16:15:01,0,69370.0,20,69380.0,55,347987.33314794215,20211007
20211008,cu2110,69380.0,68450.0,68350.0,0.0,69290.0,69920.0,69290.0,17980,6256812250.0,37225.0,1.7976931348623157e+308,1.7976931348623157e+308,74610.0,62280.0,0.0,1.7976931348623157e+308,16:15:11,0,69370.0,20,69380.0,55,347987.33314794215,20211007
20211008,cu2110,69380.0,68450.0,68350.0,0.0,69290.0,69920.0,69290.0,17980,6256812250.0,37225.0,1.7976931348623157e+308,1.7976931348623157e+308,74610.0,62280.0,0.0,1.7976931348623157e+308,16:15:13,0,69370.0,20,69380.0,55,347987.33314794215,20211007
20211008,cu2110,69370.0,68450.0,68350.0,0.0,69290.0,69920.0,69290.0,18000,6263749250.0,37205.0,1.7976931348623157e+308,1.7976931348623157e+308,74610.0,62280.0,0.0,1.7976931348623157e+308,16:15:14,0,69360.0,15,69370.0,5,347986.06944444444,20211007
20211008,cu2110,69370.0,68450.0,68350.0,0.0,69290.0,69920.0,69290.0,18005,6265483500.0,37205.0,1.7976931348623157e+308,1.7976931348623157e+308,74610.0,62280.0,0.0,1.7976931348623157e+308,16:15:14,500,69370.0,10,69380.0,30,347985.7539572341,20211007
20211008,cu2110,69370.0,68450.0,68350.0,0.0,69290.0,69920.0,69290.0,18005,6265483500.0,37205.0,1.7976931348623157e+308,1.7976931348623157e+308,74610.0,62280.0,0.0,1.7976931348623157e+308,16:15:25,500,69370.0,10,69380.0,35,347985.7539572341,20211007
20211008,cu2110,69370.0,68450.0,68350.0,0.0,69290.0,69920.0,69290.0,18005,6265483500.0,37205.0,1.7976931348623157e+308,1.7976931348623157e+308,74610.0,62280.0,0.0,1.7976931348623157e+308,16:15:26,500,69370.0,10,69380.0,30,347985.7539572341,20211007
20211008,cu2110,69370.0,68450.0,68350.0,0.0,69290.0,69920.0,69290.0,18005,6265483500.0,37205.0,1.7976931348623157e+308,1.7976931348623157e+308,74610.0,62280.0,0.0,1.7976931348623157e+308,16:15:29,0,69370.0,10,69380.0,30,347985.7539572341,20211007
20211008,cu2110,69370.0,68450.0,68350.0,0.0,69290.0,69920.0,69290.0,18010,6267217750.0,37210.0,1.7976931348623157e+308,1.7976931348623157e+308,74610.0,62280.0,0.0,1.7976931348623157e+308,16:15:29,500,69370.0,5,69380.0,30,347985.43864519714,20211007
