TradingDay,InstrumentID,LastPrice,PreSettlementPrice,PreClosePrice,PreOpenInterest,OpenPrice,HighestPrice,LowestPrice,Volume,Turnover,OpenInterest,ClosePrice,SettlementPrice,UpperLimitPrice,LowerLimitPrice,PreDelta,CurrDelta,UpdateTime,UpdateMillisec,BidPrice1,BidVolume1,AskPrice1,AskVolume1,AveragePrice,ActionDay
20211014,ag2111,4913.0,4800.0,4817.0,0.0,4813.0,4916.0,4803.0,3295,240951705.0,7599.0,1.7976931348623157e+308,1.7976931348623157e+308,5280.0,4320.0,0.0,1.7976931348623157e+308,20:26:15,500,73126.46585735964,20211013,4911.0,2,4915.0,1,1.7976931348623157e+308,0,1.7976931348623157e+308,0,1.7976931348623157e+308,0,1.7976931348623157e+308,0,1.7976931348623157e+308,0,1.7976931348623157e+308,0,1.7976931348623157e+308,0,1.7976931348623157e+308,0
20211014,ag2111,4913.0,4800.0,4817.0,0.0,4813.0,4916.0,4803.0,3295,240951705.0,7599.0,1.7976931348623157e+308,1.7976931348623157e+308,5280.0,4320.0,0.0,1.7976931348623157e+308,20:26:16,0,73126.46585735964,20211013,4911.0,2,4915.0,1,1.7976931348623157e+308,0,1.7976931348623157e+308,0,1.7976931348623157e+308,0,1.7976931348623157e+308,0,1.7976931348623157e+308,0,1.7976931348623157e+308,0,1.7976931348623157e+308,0,1.7976931348623157e+308,0
20211014,ag2111,4913.0,4800.0,4817.0,0.0,4813.0,4916.0,4803.0,3295,240951705.0,7599.0,1.7976931348623157e+308,1.7976931348623157e+308,5280.0,4320.0,0.0,1.7976931348623157e+308,20:26:16,500,73126.46585735964,20211013,4910.0,135,4915.0,1,1.7976931348623157e+308,0,1.7976931348623157e+308,0,1.7976931348623157e+308,0,1.7976931348623157e+308,0,1.7976931348623157e+308,0,1.7976931348623157e+308,0,1.7976931348623157e+308,0,1.7976931348623157e+308,0
20211014,ag2111,4913.0,4800.0,4817.0,0.0,4813.0,4916.0,4803.0,3295,240951705.0,7599.0,1.7976931348623157e+308,1.7976931348623157e+308,5280.0,4320.0,0.0,1.7976931348623157e+308,20:26:17,0,73126.46585735964,20211013,4910.0,135,4915.0,16,1.7976931348623157e+308,0,1.7976931348623157e+308,0,1.7976931348623157e+308,0,1.7976931348623157e+308,0,1.7976931348623157e+308,0,1.7976931348623157e+308,0,1.7976931348623157e+308,0,1.7976931348623157e+308,0
20211014,ag2111,4913.0,4800.0,4817.0,0.0,4813.0,4916.0,4803.0,3295,240951705.0,7599.0,1.7976931348623157e+308,1.7976931348623157e+308,5280.0,4320.0,0.0,1.7976931348623157e+308,20:26:17,500,73126.46585735964,20211013,4910.0,120,4915.0,16,1.7976931348623157e+308,0,1.7976931348623157e+308,0,1.7976931348623157e+308,0,1.7976931348623157e+308,0,1.7976931348623157e+308,0,1.7976931348623157e+308,0,1.7976931348623157e+308,0,1.7976931348623157e+308,0
20211014,ag2111,4913.0,4800.0,4817.0,0.0,4813.0,4916.0,4803.0,3295,240951705.0,7599.0,1.7976931348623157e+308,1.7976931348623157e+308,5280.0,4320.0,0.0,1.7976931348623157e+308,20:26:18,0,73126.46585735964,20211013,4910.0,90,4915.0,31,1.7976931348623157e+308,0,1.7976931348623157e+308,0,1.7976931348623157e+308,0,1.7976931348623157e+308,0,1.7976931348623157e+308,0,1.7976931348623157e+308,0,1.7976931348623157e+308,0,1.7976931348623157e+308,0
20211014,ag2111,4913.0,4800.0,4817.0,0.0,4813.0,4916.0,4803.0,3295,240951705.0,7599.0,1.7976931348623157e+308,1.7976931348623157e+308,5280.0,4320.0,0.0,1.7976931348623157e+308,20:26:20,0,73126.46585735964,20211013,4910.0,105,4915.0,31,1.7976931348623157e+308,0,1.7976931348623157e+308,0,1.7976931348623157e+308,0,1.7976931348623157e+308,0,1.7976931348623157e+308,0,1.7976931348623157e+308,0,1.7976931348623157e+308,0,1.7976931348623157e+308,0
20211014,ag2111,4913.0,4800.0,4817.0,0.0,4813.0,4916.0,4803.0,3295,240951705.0,7599.0,1.7976931348623157e+308,1.7976931348623157e+308,5280.0,4320.0,0.0,1.7976931348623157e+308,20:26:20,500,73126.46585735964,20211013,4910.0,90,4915.0,31,1.7976931348623157e+308,0,1.7976931348623157e+308,0,1.7976931348623157e+308,0,1.7976931348623157e+308,0,1.7976931348623157e+308,0,1.7976931348623157e+308,0,1.7976931348623157e+308,0,1.7976931348623157e+308,0
20211014,ag2111,4913.0,4800.0,4817.0,0.0,4813.0,4916.0,4803.0,3295,240951705.0,7599.0,1.7976931348623157e+308,1.7976931348623157e+308,5280.0,4320.0,0.0,1.7976931348623157e+308,20:26:21,0,73126.46585735964,20211013,4910.0,90,4915.0,16,1.7976931348623157e+308,0,1.7976931348623157e+308,0,1.7976931348623157e+308,0,1.7976931348623157e+308,0,1.7976931348623157e+308,0,1.7976931348623157e+308,0,1.7976931348623157e+308,0,1.7976931348623157e+308,0
20211014,ag2111,4913.0,4800.0,4817.0,0.0,4813.0,4916.0,4803.0,3295,240951705.0,7599.0,1.7976931348623157e+308,1.7976931348623157e+308,5280.0,4320.0,0.0,1.7976931348623157e+308,20:26:21,500,73126.46585735964,20211013,4910.0,105,4915.0,16,1.7976931348623157e+308,0,1.7976931348623157e+308,0,1.7976931348623157e+308,0,1.7976931348623157e+308,0,1.7976931348623157e+308,0,1.7976931348623157e+308,0,1.7976931348623157e+308,0,1.7976931348623157e+308,0
20211014,ag2111,4913.0,4800.0,4817.0,0.0,4813.0,4916.0,4803.0,3295,240951705.0,7599.0,1.7976931348623157e+308,1.7976931348623157e+308,5280.0,4320.0,0.0,1.7976931348623157e+308,20:26:23,0,73126.46585735964,20211013,4910.0,120,4915.0,16,1.7976931348623157e+308,0,1.7976931348623157e+308,0,1.7976931348623157e+308,0,1.7976931348623157e+308,0,1.7976931348623157e+308,0,1.7976931348623157e+308,0,1.7976931348623157e+308,0,1.7976931348623157e+308,0
20211014,ag2111,4913.0,4800.0,4817.0,0.0,4813.0,4916.0,4803.0,3295,240951705.0,7599.0,1.7976931348623157e+308,1.7976931348623157e+308,5280.0,4320.0,0.0,1.7976931348623157e+308,20:26:23,500,73126.46585735964,20211013,4910.0,105,4915.0,16,1.7976931348623157e+308,0,1.7976931348623157e+308,0,1.7976931348623157e+308,0,1.7976931348623157e+308,0,1.7976931348623157e+308,0,1.7976931348623157e+308,0,1.7976931348623157e+308,0,1.7976931348623157e+308,0
20211014,ag2111,4913.0,4800.0,4817.0,0.0,4813.0,4916.0,4803.0,3295,240951705.0,7599.0,1.7976931348623157e+308,1.7976931348623157e+308,5280.0,4320.0,0.0,1.7976931348623157e+308,20:26:25,0,73126.46585735964,20211013,4910.0,120,4915.0,16,1.7976931348623157e+308,0,1.7976931348623157e+308,0,1.7976931348623157e+308,0,1.7976931348623157e+308,0,1.7976931348623157e+308,0,1.7976931348623157e+308,0,1.7976931348623157e+308,0,1.7976931348623157e+308,0
20211014,ag2111,4913.0,4800.0,4817.0,0.0,4813.0,4916.0,4803.0,3295,240951705.0,7599.0,1.7976931348623157e+308,1.7976931348623157e+308,5280.0,4320.0,0.0,1.7976931348623157e+308,20:26:25,500,73126.46585735964,20211013,4910.0,107,4915.0,16,1.7976931348623157e+308,0,1.7976931348623157e+308,0,1.7976931348623157e+308,0,1.7976931348623157e+308,0,1.7976931348623157e+308,0,1.7976931348623157e+308,0,1.7976931348623157e+308,0,1.7976931348623157e+308,0
20211014,ag2111,4913.0,4800.0,4817.0,0.0,4813.0,4916.0,4803.0,3295,240951705.0,7599.0,1.7976931348623157e+308,1.7976931348623157e+308,5280.0,4320.0,0.0,1.7976931348623157e+308,20:26:27,0,73126.46585735964,20211013,4910.0,122,4915.0,16,1.7976931348623157e+308,0,1.7976931348623157e+308,0,1.7976931348623157e+308,0,1.7976931348623157e+308,0,1.7976931348623157e+308,0,1.7976931348623157e+308,0,1.7976931348623157e+308,0,1.7976931348623157e+308,0
20211014,ag2111,4913.0,4800.0,4817.0,0.0,4813.0,4916.0,4803.0,3295,240951705.0,7599.0,1.7976931348623157e+308,1.7976931348623157e+308,5280.0,4320.0,0.0,1.7976931348623157e+308,20:26:27,500,73126.46585735964,20211013,4910.0,135,4915.0,16,1.7976931348623157e+308,0,1.7976931348623157e+308,0,1.7976931348623157e+308,0,1.7976931348623157e+308,0,1.7976931348623157e+308,0,1.7976931348623157e+308,0,1.7976931348623157e+308,0,1.7976931348623157e+308,0
20211014,ag2111,4913.0,4800.0,4817.0,0.0,4813.0,4916.0,4803.0,3295,240951705.0,7599.0,1.7976931348623157e+308,1.7976931348623157e+308,5280.0,4320.0,0.0,1.7976931348623157e+308,20:26:29,500,73126.46585735964,20211013,4910.0,135,4915.0,16,1.7976931348623157e+308,0,1.7976931348623157e+308,0,1.7976931348623157e+308,0,1.7976931348623157e+308,0,1.7976931348623157e+308,0,1.7976931348623157e+308,0,1.7976931348623157e+308,0,1.7976931348623157e+308,0
20211014,ag2111,4913.0,4800.0,4817.0,0.0,4813.0,4916.0,4803.0,3295,240951705.0,7599.0,1.7976931348623157e+308,1.7976931348623157e+308,5280.0,4320.0,0.0,1.7976931348623157e+308,20:26:36,500,73126.46585735964,20211013,4910.0,135,4915.0,16,1.7976931348623157e+308,0,1.7976931348623157e+308,0,1.7976931348623157e+308,0,1.7976931348623157e+308,0,1.7976931348623157e+308,0,1.7976931348623157e+308,0,1.7976931348623157e+308,0,1.7976931348623157e+308,0
20211014,ag2111,4913.0,4800.0,4817.0,0.0,4813.0,4916.0,4803.0,3295,240951705.0,7599.0,1.7976931348623157e+308,1.7976931348623157e+308,5280.0,4320.0,0.0,1.7976931348623157e+308,20:26:46,500,73126.46585735964,20211013,4910.0,135,4915.0,1,1.7976931348623157e+308,0,1.7976931348623157e+308,0,1.7976931348623157e+308,0,1.7976931348623157e+308,0,1.7976931348623157e+308,0,1.7976931348623157e+308,0,1.7976931348623157e+308,0,1.7976931348623157e+308,0
20211014,ag2111,4913.0,4800.0,4817.0,0.0,4813.0,4916.0,4803.0,3295,240951705.0,7599.0,1.7976931348623157e+308,1.7976931348623157e+308,5280.0,4320.0,0.0,1.7976931348623157e+308,20:26:47,0,73126.46585735964,20211013,4910.0,150,4915.0,1,1.7976931348623157e+308,0,1.7976931348623157e+308,0,1.7976931348623157e+308,0,1.7976931348623157e+308,0,1.7976931348623157e+308,0,1.7976931348623157e+308,0,1.7976931348623157e+308,0,1.7976931348623157e+308,0
20211014,ag2111,4913.0,4800.0,4817.0,0.0,4813.0,4916.0,4803.0,3295,240951705.0,7599.0,1.7976931348623157e+308,1.7976931348623157e+308,5280.0,4320.0,0.0,1.7976931348623157e+308,20:26:58,0,73126.46585735964,20211013,4910.0,150,4915.0,1,1.7976931348623157e+308,0,1.7976931348623157e+308,0,1.7976931348623157e+308,0,1.7976931348623157e+308,0,1.7976931348623157e+308,0,1.7976931348623157e+308,0,1.7976931348623157e+308,0,1.7976931348623157e+308,0
20211014,ag2111,4913.0,4800.0,4817.0,0.0,4813.0,4916.0,4803.0,3295,240951705.0,7599.0,1.7976931348623157e+308,1.7976931348623157e+308,5280.0,4320.0,0.0,1.7976931348623157e+308,20:27:00,0,73126.46585735964,20211013,4910.0,135,4915.0,1,1.7976931348623157e+308,0,1.7976931348623157e+308,0,1.7976931348623157e+308,0,1.7976931348623157e+308,0,1.7976931348623157e+308,0,1.7976931348623157e+308,0,1.7976931348623157e+308,0,1.7976931348623157e+308,0
20211014,ag2111,4913.0,4800.0,4817.0,0.0,4813.0,4916.0,4803.0,3295,240951705.0,7599.0,1.7976931348623157e+308,1.7976931348623157e+308,5280.0,4320.0,0.0,1.7976931348623157e+308,20:27:00,500,73126.46585735964,20211013,4910.0,135,4915.0,16,1.7976931348623157e+308,0,1.7976931348623157e+308,0,1.7976931348623157e+308,0,1.7976931348623157e+308,0,1.7976931348623157e+308,0,1.7976931348623157e+308,0,1.7976931348623157e+308,0,1.7976931348623157e+308,0
20211014,ag2111,4913.0,4800.0,4817.0,0.0,4813.0,4916.0,4803.0,3295,240951705.0,7599.0,1.7976931348623157e+308,1.7976931348623157e+308,5280.0,4320.0,0.0,1.7976931348623157e+308,20:27:02,500,73126.46585735964,20211013,4910.0,135,4915.0,16,1.7976931348623157e+308,0,1.7976931348623157e+308,0,1.7976931348623157e+308,0,1.7976931348623157e+308,0,1.7976931348623157e+308,0,1.7976931348623157e+308,0,1.7976931348623157e+308,0,1.7976931348623157e+308,0
20211014,ag2111,4913.0,4800.0,4817.0,0.0,4813.0,4916.0,4803.0,3295,240951705.0,7599.0,1.7976931348623157e+308,1.7976931348623157e+308,5280.0,4320.0,0.0,1.7976931348623157e+308,20:27:03,500,73126.46585735964,20211013,4910.0,135,4915.0,16,1.7976931348623157e+308,0,1.7976931348623157e+308,0,1.7976931348623157e+308,0,1.7976931348623157e+308,0,1.7976931348623157e+308,0,1.7976931348623157e+308,0,1.7976931348623157e+308,0,1.7976931348623157e+308,0
20211014,ag2111,4913.0,4800.0,4817.0,0.0,4813.0,4916.0,4803.0,3295,240951705.0,7599.0,1.7976931348623157e+308,1.7976931348623157e+308,5280.0,4320.0,0.0,1.7976931348623157e+308,20:27:07,500,73126.46585735964,20211013,4910.0,135,4915.0,1,1.7976931348623157e+308,0,1.7976931348623157e+308,0,1.7976931348623157e+308,0,1.7976931348623157e+308,0,1.7976931348623157e+308,0,1.7976931348623157e+308,0,1.7976931348623157e+308,0,1.7976931348623157e+308,0
20211014,ag2111,4913.0,4800.0,4817.0,0.0,4813.0,4916.0,4803.0,3295,240951705.0,7599.0,1.7976931348623157e+308,1.7976931348623157e+308,5280.0,4320.0,0.0,1.7976931348623157e+308,20:27:08,0,73126.46585735964,20211013,4910.0,135,4914.0,15,1.7976931348623157e+308,0,1.7976931348623157e+308,0,1.7976931348623157e+308,0,1.7976931348623157e+308,0,1.7976931348623157e+308,0,1.7976931348623157e+308,0,1.7976931348623157e+308,0,1.7976931348623157e+308,0
20211014,ag2111,4913.0,4800.0,4817.0,0.0,4813.0,4916.0,4803.0,3295,240951705.0,7599.0,1.7976931348623157e+308,1.7976931348623157e+308,5280.0,4320.0,0.0,1.7976931348623157e+308,20:27:08,500,73126.46585735964,20211013,4910.0,30,4914.0,15,1.7976931348623157e+308,0,1.7976931348623157e+308,0,1.7976931348623157e+308,0,1.7976931348623157e+308,0,1.7976931348623157e+308,0,1.7976931348623157e+308,0,1.7976931348623157e+308,0,1.7976931348623157e+308,0
20211014,ag2111,4913.0,4800.0,4817.0,0.0,4813.0,4916.0,4803.0,3295,240951705.0,7599.0,1.7976931348623157e+308,1.7976931348623157e+308,5280.0,4320.0,0.0,1.7976931348623157e+308,20:27:09,0,73126.46585735964,20211013,4910.0,15,4914.0,15,1.7976931348623157e+308,0,1.7976931348623157e+308,0,1.7976931348623157e+308,0,1.7976931348623157e+308,0,1.7976931348623157e+308,0,1.7976931348623157e+308,0,1.7976931348623157e+308,0,1.7976931348623157e+308,0
20211014,ag2111,4913.0,4800.0,4817.0,0.0,4813.0,4916.0,4803.0,3295,240951705.0,7599.0,1.7976931348623157e+308,1.7976931348623157e+308,5280.0,4320.0,0.0,1.7976931348623157e+308,20:27:09,500,73126.46585735964,20211013,4909.0,90,4914.0,15,1.7976931348623157e+308,0,1.7976931348623157e+308,0,1.7976931348623157e+308,0,1.7976931348623157e+308,0,1.7976931348623157e+308,0,1.7976931348623157e+308,0,1.7976931348623157e+308,0,1.7976931348623157e+308,0
20211014,ag2111,4913.0,4800.0,4817.0,0.0,4813.0,4916.0,4803.0,3295,240951705.0,7599.0,1.7976931348623157e+308,1.7976931348623157e+308,5280.0,4320.0,0.0,1.7976931348623157e+308,20:27:10,0,73126.46585735964,20211013,4909.0,105,4914.0,15,1.7976931348623157e+308,0,1.7976931348623157e+308,0,1.7976931348623157e+308,0,1.7976931348623157e+308,0,1.7976931348623157e+308,0,1.7976931348623157e+308,0,1.7976931348623157e+308,0,1.7976931348623157e+308,0
20211014,ag2111,4913.0,4800.0,4817.0,0.0,4813.0,4916.0,4803.0,3295,240951705.0,7599.0,1.7976931348623157e+308,1.7976931348623157e+308,5280.0,4320.0,0.0,1.7976931348623157e+308,20:27:12,0,73126.46585735964,20211013,4909.0,120,4914.0,15,1.7976931348623157e+308,0,1.7976931348623157e+308,0,1.7976931348623157e+308,0,1.7976931348623157e+308,0,1.7976931348623157e+308,0,1.7976931348623157e+308,0,1.7976931348623157e+308,0,1.7976931348623157e+308,0
20211014,ag2111,4913.0,4800.0,4817.0,0.0,4813.0,4916.0,4803.0,3295,240951705.0,7599.0,1.7976931348623157e+308,1.7976931348623157e+308,5280.0,4320.0,0.0,1.7976931348623157e+308,20:27:12,500,73126.46585735964,20211013,4909.0,105,4914.0,15,1.7976931348623157e+308,0,1.7976931348623157e+308,0,1.7976931348623157e+308,0,1.7976931348623157e+308,0,1.7976931348623157e+308,0,1.7976931348623157e+308,0,1.7976931348623157e+308,0,1.7976931348623157e+308,0
20211014,ag2111,4913.0,4800.0,4817.0,0.0,4813.0,4916.0,4803.0,3295,240951705.0,7599.0,1.7976931348623157e+308,1.7976931348623157e+308,5280.0,4320.0,0.0,1.7976931348623157e+308,20:27:13,500,73126.46585735964,20211013,4909.0,105,4913.0,15,1.7976931348623157e+308,0,1.7976931348623157e+308,0,1.7976931348623157e+308,0,1.7976931348623157e+308,0,1.7976931348623157e+308,0,1.7976931348623157e+308,0,1.7976931348623157e+308,0,1.7976931348623157e+308,0
20211014,ag2111,4913.0,4800.0,4817.0,0.0,4813.0,4916.0,4803.0,3295,240951705.0,7599.0,1.7976931348623157e+308,1.7976931348623157e+308,5280.0,4320.0,0.0,1.7976931348623157e+308,20:27:14,0,73126.46585735964,20211013,4909.0,15,4913.0,15,1.7976931348623157e+308,0,1.7976931348623157e+308,0,1.7976931348623157e+308,0,1.7976931348623157e+308,0,1.7976931348623157e+308,0,1.7976931348623157e+308,0,1.7976931348623157e+308,0,1.7976931348623157e+308,0
20211014,ag2111,4913.0,4800.0,4817.0,0.0,4813.0,4916.0,4803.0,3295,240951705.0,7599.0,1.7976931348623157e+308,1.7976931348623157e+308,5280.0,4320.0,0.0,1.7976931348623157e+308,20:27:14,500,73126.46585735964,20211013,4909.0,15,4913.0,15,1.7976931348623157e+308,0,1.7976931348623157e+308,0,1.7976931348623157e+308,0,1.7976931348623157e+308,0,1.7976931348623157e+308,0,1.7976931348623157e+308,0,1.7976931348623157e+308,0,1.7976931348623157e+308,0
20211014,ag2111,4913.0,4800.0,4817.0,0.0,4813.0,4916.0,4803.0,3295,240951705.0,7599.0,1.7976931348623157e+308,1.7976931348623157e+308,5280.0,4320.0,0.0,1.7976931348623157e+308,20:27:15,0,73126.46585735964,20211013,4908.0,75,4913.0,15,1.7976931348623157e+308,0,1.7976931348623157e+308,0,1.7976931348623157e+308,0,1.7976931348623157e+308,0,1.7976931348623157e+308,0,1.7976931348623157e+308,0,1.7976931348623157e+308,0,1.7976931348623157e+308,0
20211014,ag2111,4913.0,4800.0,4817.0,0.0,4813.0,4916.0,4803.0,3295,240951705.0,7599.0,1.7976931348623157e+308,1.7976931348623157e+308,5280.0,4320.0,0.0,1.7976931348623157e+308,20:27:15,500,73126.46585735964,20211013,4908.0,90,4913.0,15,1.7976931348623157e+308,0,1.7976931348623157e+308,0,1.7976931348623157e+308,0,1.7976931348623157e+308,0,1.7976931348623157e+308,0,1.7976931348623157e+308,0,1.7976931348623157e+308,0,1.7976931348623157e+308,0
20211014,ag2111,4913.0,4800.0,4817.0,0.0,4813.0,4916.0,4803.0,3295,240951705.0,7599.0,1.7976931348623157e+308,1.7976931348623157e+308,5280.0,4320.0,0.0,1.7976931348623157e+308,20:27:16,0,73126.46585735964,20211013,4908.0,105,4913.0,15,1.7976931348623157e+308,0,1.7976931348623157e+308,0,1.7976931348623157e+308,0,1.7976931348623157e+308,0,1.7976931348623157e+308,0,1.7976931348623157e+308,0,1.7976931348623157e+308,0,1.7976931348623157e+308,0
20211014,ag2111,4913.0,4800.0,4817.0,0.0,4813.0,4916.0,4803.0,3295,240951705.0,7599.0,1.7976931348623157e+308,1.7976931348623157e+308,5280.0,4320.0,0.0,1.7976931348623157e+308,20:27:18,500,73126.46585735964,20211013,4908.0,120,4913.0,15,1.7976931348623157e+308,0,1.7976931348623157e+308,0,1.7976931348623157e+308,0,1.7976931348623157e+308,0,1.7976931348623157e+308,0,1.7976931348623157e+308,0,1.7976931348623157e+308,0,1.7976931348623157e+308,0
20211014,ag2111,4913.0,4800.0,4817.0,0.0,4813.0,4916.0,4803.0,3295,240951705.0,7599.0,1.7976931348623157e+308,1.7976931348623157e+308,5280.0,4320.0,0.0,1.7976931348623157e+308,20:27:19,0,73126.46585735964,20211013,4908.0,105,4913.0,15,1.7976931348623157e+308,0,1.7976931348623157e+308,0,1.7976931348623157e+308,0,1.7976931348623157e+308,0,1.7976931348623157e+308,0,1.7976931348623157e+308,0,1.7976931348623157e+308,0,1.7976931348623157e+308,0
20211014,ag2111,4913.0,4800.0,4817.0,0.0,4813.0,4916.0,4803.0,3295,240951705.0,7599.0,1.7976931348623157e+308,1.7976931348623157e+308,5280.0,4320.0,0.0,1.7976931348623157e+308,20:27:20,500,73126.46585735964,20211013,4908.0,120,4913.0,15,1.7976931348623157e+308,0,1.7976931348623157e+308,0,1.7976931348623157e+308,0,1.7976931348623157e+308,0,1.7976931348623157e+308,0,1.7976931348623157e+308,0,1.7976931348623157e+308,0,1.7976931348623157e+308,0
20211014,ag2111,4913.0,4800.0,4817.0,0.0,4813.0,4916.0,4803.0,3295,240951705.0,7599.0,1.7976931348623157e+308,1.7976931348623157e+308,5280.0,4320.0,0.0,1.7976931348623157e+308,20:27:21,0,73126.46585735964,20211013,4908.0,105,4913.0,15,1.7976931348623157e+308,0,1.7976931348623157e+308,0,1.7976931348623157e+308,0,1.7976931348623157e+308,0,1.7976931348623157e+308,0,1.7976931348623157e+308,0,1.7976931348623157e+308,0,1.7976931348623157e+308,0
20211014,ag2111,4913.0,4800.0,4817.0,0.0,4813.0,4916.0,4803.0,3295,240951705.0,7599.0,1.7976931348623157e+308,1.7976931348623157e+308,5280.0,4320.0,0.0,1.7976931348623157e+308,20:27:21,500,73126.46585735964,20211013,4908.0,90,4913.0,15,1.7976931348623157e+308,0,1.7976931348623157e+308,0,1.7976931348623157e+308,0,1.7976931348623157e+308,0,1.7976931348623157e+308,0,1.7976931348623157e+308,0,1.7976931348623157e+308,0,1.7976931348623157e+308,0
20211014,ag2111,4913.0,4800.0,4817.0,0.0,4813.0,4916.0,4803.0,3295,240951705.0,7599.0,1.7976931348623157e+308,1.7976931348623157e+308,5280.0,4320.0,0.0,1.7976931348623157e+308,20:27:22,500,73126.46585735964,20211013,4908.0,105,4913.0,15,1.7976931348623157e+308,0,1.7976931348623157e+308,0,1.7976931348623157e+308,0,1.7976931348623157e+308,0,1.7976931348623157e+308,0,1.7976931348623157e+308,0,1.7976931348623157e+308,0,1.7976931348623157e+308,0
20211014,ag2111,4913.0,4800.0,4817.0,0.0,4813.0,4916.0,4803.0,3295,240951705.0,7599.0,1.7976931348623157e+308,1.7976931348623157e+308,5280.0,4320.0,0.0,1.7976931348623157e+308,20:27:24,500,73126.46585735964,20211013,4908.0,120,4913.0,15,1.7976931348623157e+308,0,1.7976931348623157e+308,0,1.7976931348623157e+308,0,1.7976931348623157e+308,0,1.7976931348623157e+308,0,1.7976931348623157e+308,0,1.7976931348623157e+308,0,1.7976931348623157e+308,0
20211014,ag2111,4913.0,4800.0,4817.0,0.0,4813.0,4916.0,4803.0,3295,240951705.0,7599.0,1.7976931348623157e+308,1.7976931348623157e+308,5280.0,4320.0,0.0,1.7976931348623157e+308,20:27:25,0,73126.46585735964,20211013,4908.0,90,4913.0,15,1.7976931348623157e+308,0,1.7976931348623157e+308,0,1.7976931348623157e+308,0,1.7976931348623157e+308,0,1.7976931348623157e+308,0,1.7976931348623157e+308,0,1.7976931348623157e+308,0,1.7976931348623157e+308,0
20211014,ag2111,4913.0,4800.0,4817.0,0.0,4813.0,4916.0,4803.0,3295,240951705.0,7599.0,1.7976931348623157e+308,1.7976931348623157e+308,5280.0,4320.0,0.0,1.7976931348623157e+308,20:27:25,500,73126.46585735964,20211013,4908.0,105,4913.0,15,1.7976931348623157e+308,0,1.7976931348623157e+308,0,1.7976931348623157e+308,0,1.7976931348623157e+308,0,1.7976931348623157e+308,0,1.7976931348623157e+308,0,1.7976931348623157e+308,0,1.7976931348623157e+308,0
20211014,ag2111,4913.0,4800.0,4817.0,0.0,4813.0,4916.0,4803.0,3295,240951705.0,7599.0,1.7976931348623157e+308,1.7976931348623157e+308,5280.0,4320.0,0.0,1.7976931348623157e+308,20:27:26,0,73126.46585735964,20211013,4908.0,90,4913.0,15,1.7976931348623157e+308,0,1.7976931348623157e+308,0,1.7976931348623157e+308,0,1.7976931348623157e+308,0,1.7976931348623157e+308,0,1.7976931348623157e+308,0,1.7976931348623157e+308,0,1.7976931348623157e+308,0
20211014,ag2111,4913.0,4800.0,4817.0,0.0,4813.0,4916.0,4803.0,3295,240951705.0,7599.0,1.7976931348623157e+308,1.7976931348623157e+308,5280.0,4320.0,0.0,1.7976931348623157e+308,20:27:26,500,73126.46585735964,20211013,4908.0,105,4913.0,15,1.7976931348623157e+308,0,1.7976931348623157e+308,0,1.7976931348623157e+308,0,1.7976931348623157e+308,0,1.7976931348623157e+308,0,1.7976931348623157e+308,0,1.7976931348623157e+308,0,1.7976931348623157e+308,0
20211014,ag2111,4913.0,4800.0,4817.0,0.0,4813.0,4916.0,4803.0,3295,240951705.0,7599.0,1.7976931348623157e+308,1.7976931348623157e+308,5280.0,4320.0,0.0,1.7976931348623157e+308,20:27:27,0,73126.46585735964,20211013,4908.0,105,4913.0,15,1.7976931348623157e+308,0,1.7976931348623157e+308,0,1.7976931348623157e+308,0,1.7976931348623157e+308,0,1.7976931348623157e+308,0,1.7976931348623157e+308,0,1.7976931348623157e+308,0,1.7976931348623157e+308,0
20211014,ag2111,4913.0,4800.0,4817.0,0.0,4813.0,4916.0,4803.0,3295,240951705.0,7599.0,1.7976931348623157e+308,1.7976931348623157e+308,5280.0,4320.0,0.0,1.7976931348623157e+308,20:27:28,500,73126.46585735964,20211013,4908.0,120,4913.0,15,1.7976931348623157e+308,0,1.7976931348623157e+308,0,1.7976931348623157e+308,0,1.7976931348623157e+308,0,1.7976931348623157e+308,0,1.7976931348623157e+308,0,1.7976931348623157e+308,0,1.7976931348623157e+308,0
20211014,ag2111,4913.0,4800.0,4817.0,0.0,4813.0,4916.0,4803.0,3295,240951705.0,7599.0,1.7976931348623157e+308,1.7976931348623157e+308,5280.0,4320.0,0.0,1.7976931348623157e+308,20:27:29,0,73126.46585735964,20211013,4908.0,90,4913.0,15,1.7976931348623157e+308,0,1.7976931348623157e+308,0,1.7976931348623157e+308,0,1.7976931348623157e+308,0,1.7976931348623157e+308,0,1.7976931348623157e+308,0,1.7976931348623157e+308,0,1.7976931348623157e+308,0
20211014,ag2111,4913.0,4800.0,4817.0,0.0,4813.0,4916.0,4803.0,3295,240951705.0,7599.0,1.7976931348623157e+308,1.7976931348623157e+308,5280.0,4320.0,0.0,1.7976931348623157e+308,20:27:29,500,73126.46585735964,20211013,4908.0,90,4913.0,7,1.7976931348623157e+308,0,1.7976931348623157e+308,0,1.7976931348623157e+308,0,1.7976931348623157e+308,0,1.7976931348623157e+308,0,1.7976931348623157e+308,0,1.7976931348623157e+308,0,1.7976931348623157e+308,0
20211014,ag2111,4913.0,4800.0,4817.0,0.0,4813.0,4916.0,4803.0,3295,240951705.0,7599.0,1.7976931348623157e+308,1.7976931348623157e+308,5280.0,4320.0,0.0,1.7976931348623157e+308,20:27:30,0,73126.46585735964,20211013,4908.0,90,4912.0,15,1.7976931348623157e+308,0,1.7976931348623157e+308,0,1.7976931348623157e+308,0,1.7976931348623157e+308,0,1.7976931348623157e+308,0,1.7976931348623157e+308,0,1.7976931348623157e+308,0,1.7976931348623157e+308,0
20211014,ag2111,4913.0,4800.0,4817.0,0.0,4813.0,4916.0,4803.0,3295,240951705.0,7599.0,1.7976931348623157e+308,1.7976931348623157e+308,5280.0,4320.0,0.0,1.7976931348623157e+308,20:27:30,500,73126.46585735964,20211013,4908.0,15,4912.0,15,1.7976931348623157e+308,0,1.7976931348623157e+308,0,1.7976931348623157e+308,0,1.7976931348623157e+308,0,1.7976931348623157e+308,0,1.7976931348623157e+308,0,1.7976931348623157e+308,0,1.7976931348623157e+308,0
20211014,ag2111,4913.0,4800.0,4817.0,0.0,4813.0,4916.0,4803.0,3295,240951705.0,7599.0,1.7976931348623157e+308,1.7976931348623157e+308,5280.0,4320.0,0.0,1.7976931348623157e+308,20:27:31,0,73126.46585735964,20211013,4908.0,15,4912.0,15,1.7976931348623157e+308,0,1.7976931348623157e+308,0,1.7976931348623157e+308,0,1.7976931348623157e+308,0,1.7976931348623157e+308,0,1.7976931348623157e+308,0,1.7976931348623157e+308,0,1.7976931348623157e+308,0
20211014,ag2111,4913.0,4800.0,4817.0,0.0,4813.0,4916.0,4803.0,3295,240951705.0,7599.0,1.7976931348623157e+308,1.7976931348623157e+308,5280.0,4320.0,0.0,1.7976931348623157e+308,20:27:31,500,73126.46585735964,20211013,4907.0,60,4912.0,15,1.7976931348623157e+308,0,1.7976931348623157e+308,0,1.7976931348623157e+308,0,1.7976931348623157e+308,0,1.7976931348623157e+308,0,1.7976931348623157e+308,0,1.7976931348623157e+308,0,1.7976931348623157e+308,0
20211014,ag2111,4913.0,4800.0,4817.0,0.0,4813.0,4916.0,4803.0,3295,240951705.0,7599.0,1.7976931348623157e+308,1.7976931348623157e+308,5280.0,4320.0,0.0,1.7976931348623157e+308,20:27:32,0,73126.46585735964,20211013,4907.0,60,4912.0,15,1.7976931348623157e+308,0,1.7976931348623157e+308,0,1.7976931348623157e+308,0,1.7976931348623157e+308,0,1.7976931348623157e+308,0,1.7976931348623157e+308,0,1.7976931348623157e+308,0,1.7976931348623157e+308,0
20211014,ag2111,4913.0,4800.0,4817.0,0.0,4813.0,4916.0,4803.0,3295,240951705.0,7599.0,1.7976931348623157e+308,1.7976931348623157e+308,5280.0,4320.0,0.0,1.7976931348623157e+308,20:27:32,500,73126.46585735964,20211013,4907.0,75,4912.0,15,1.7976931348623157e+308,0,1.7976931348623157e+308,0,1.7976931348623157e+308,0,1.7976931348623157e+308,0,1.7976931348623157e+308,0,1.7976931348623157e+308,0,1.7976931348623157e+308,0,1.7976931348623157e+308,0
20211014,ag2111,4913.0,4800.0,4817.0,0.0,4813.0,4916.0,4803.0,3295,240951705.0,7599.0,1.7976931348623157e+308,1.7976931348623157e+308,5280.0,4320.0,0.0,1.7976931348623157e+308,20:27:33,500,73126.46585735964,20211013,4907.0,90,4912.0,15,1.7976931348623157e+308,0,1.7976931348623157e+308,0,1.7976931348623157e+308,0,1.7976931348623157e+308,0,1.7976931348623157e+308,0,1.7976931348623157e+308,0,1.7976931348623157e+308,0,1.7976931348623157e+308,0
20211014,ag2111,4913.0,4800.0,4817.0,0.0,4813.0,4916.0,4803.0,3295,240951705.0,7599.0,1.7976931348623157e+308,1.7976931348623157e+308,5280.0,4320.0,0.0,1.7976931348623157e+308,20:27:34,0,73126.46585735964,20211013,4907.0,105,4912.0,15,1.7976931348623157e+308,0,1.7976931348623157e+308,0,1.7976931348623157e+308,0,1.7976931348623157e+308,0,1.7976931348623157e+308,0,1.7976931348623157e+308,0,1.7976931348623157e+308,0,1.7976931348623157e+308,0
20211014,ag2111,4913.0,4800.0,4817.0,0.0,4813.0,4916.0,4803.0,3295,240951705.0,7599.0,1.7976931348623157e+308,1.7976931348623157e+308,5280.0,4320.0,0.0,1.7976931348623157e+308,20:27:35,500,73126.46585735964,20211013,4907.0,105,4912.0,15,1.7976931348623157e+308,0,1.7976931348623157e+308,0,1.7976931348623157e+308,0,1.7976931348623157e+308,0,1.7976931348623157e+308,0,1.7976931348623157e+308,0,1.7976931348623157e+308,0,1.7976931348623157e+308,0
20211014,ag2111,4913.0,4800.0,4817.0,0.0,4813.0,4916.0,4803.0,3295,240951705.0,7599.0,1.7976931348623157e+308,1.7976931348623157e+308,5280.0,4320.0,0.0,1.7976931348623157e+308,20:27:36,0,73126.46585735964,20211013,4907.0,90,4912.0,15,1.7976931348623157e+308,0,1.7976931348623157e+308,0,1.7976931348623157e+308,0,1.7976931348623157e+308,0,1.7976931348623157e+308,0,1.7976931348623157e+308,0,1.7976931348623157e+308,0,1.7976931348623157e+308,0
20211014,ag2111,4913.0,4800.0,4817.0,0.0,4813.0,4916.0,4803.0,3295,240951705.0,7599.0,1.7976931348623157e+308,1.7976931348623157e+308,5280.0,4320.0,0.0,1.7976931348623157e+308,20:27:37,500,73126.46585735964,20211013,4907.0,120,4912.0,15,1.7976931348623157e+308,0,1.7976931348623157e+308,0,1.7976931348623157e+308,0,1.7976931348623157e+308,0,1.7976931348623157e+308,0,1.7976931348623157e+308,0,1.7976931348623157e+308,0,1.7976931348623157e+308,0
20211014,ag2111,4913.0,4800.0,4817.0,0.0,4813.0,4916.0,4803.0,3295,240951705.0,7599.0,1.7976931348623157e+308,1.7976931348623157e+308,5280.0,4320.0,0.0,1.7976931348623157e+308,20:27:38,0,73126.46585735964,20211013,4907.0,105,4912.0,15,1.7976931348623157e+308,0,1.7976931348623157e+308,0,1.7976931348623157e+308,0,1.7976931348623157e+308,0,1.7976931348623157e+308,0,1.7976931348623157e+308,0,1.7976931348623157e+308,0,1.7976931348623157e+308,0
20211014,ag2111,4913.0,4800.0,4817.0,0.0,4813.0,4916.0,4803.0,3295,240951705.0,7599.0,1.7976931348623157e+308,1.7976931348623157e+308,5280.0,4320.0,0.0,1.7976931348623157e+308,20:27:39,500,73126.46585735964,20211013,4907.0,105,4912.0,17,1.7976931348623157e+308,0,1.7976931348623157e+308,0,1.7976931348623157e+308,0,1.7976931348623157e+308,0,1.7976931348623157e+308,0,1.7976931348623157e+308,0,1.7976931348623157e+308,0,1.7976931348623157e+308,0
20211014,ag2111,4913.0,4800.0,4817.0,0.0,4813.0,4916.0,4803.0,3295,240951705.0,7599.0,1.7976931348623157e+308,1.7976931348623157e+308,5280.0,4320.0,0.0,1.7976931348623157e+308,20:27:40,0,73126.46585735964,20211013,4907.0,90,4912.0,15,1.7976931348623157e+308,0,1.7976931348623157e+308,0,1.7976931348623157e+308,0,1.7976931348623157e+308,0,1.7976931348623157e+308,0,1.7976931348623157e+308,0,1.7976931348623157e+308,0,1.7976931348623157e+308,0
20211014,ag2111,4913.0,4800.0,4817.0,0.0,4813.0,4916.0,4803.0,3295,240951705.0,7599.0,1.7976931348623157e+308,1.7976931348623157e+308,5280.0,4320.0,0.0,1.7976931348623157e+308,20:27:40,500,73126.46585735964,20211013,4907.0,90,4912.0,17,1.7976931348623157e+308,0,1.7976931348623157e+308,0,1.7976931348623157e+308,0,1.7976931348623157e+308,0,1.7976931348623157e+308,0,1.7976931348623157e+308,0,1.7976931348623157e+308,0,1.7976931348623157e+308,0
20211014,ag2111,4913.0,4800.0,4817.0,0.0,4813.0,4916.0,4803.0,3295,240951705.0,7599.0,1.7976931348623157e+308,1.7976931348623157e+308,5280.0,4320.0,0.0,1.7976931348623157e+308,20:27:42,500,73126.46585735964,20211013,4907.0,105,4912.0,17,1.7976931348623157e+308,0,1.7976931348623157e+308,0,1.7976931348623157e+308,0,1.7976931348623157e+308,0,1.7976931348623157e+308,0,1.7976931348623157e+308,0,1.7976931348623157e+308,0,1.7976931348623157e+308,0
20211014,ag2111,4913.0,4800.0,4817.0,0.0,4813.0,4916.0,4803.0,3295,240951705.0,7599.0,1.7976931348623157e+308,1.7976931348623157e+308,5280.0,4320.0,0.0,1.7976931348623157e+308,20:27:43,0,73126.46585735964,20211013,4907.0,90,4912.0,17,1.7976931348623157e+308,0,1.7976931348623157e+308,0,1.7976931348623157e+308,0,1.7976931348623157e+308,0,1.7976931348623157e+308,0,1.7976931348623157e+308,0,1.7976931348623157e+308,0,1.7976931348623157e+308,0
20211014,ag2111,4913.0,4800.0,4817.0,0.0,4813.0,4916.0,4803.0,3295,240951705.0,7599.0,1.7976931348623157e+308,1.7976931348623157e+308,5280.0,4320.0,0.0,1.7976931348623157e+308,20:27:44,500,73126.46585735964,20211013,4907.0,105,4912.0,17,1.7976931348623157e+308,0,1.7976931348623157e+308,0,1.7976931348623157e+308,0,1.7976931348623157e+308,0,1.7976931348623157e+308,0,1.7976931348623157e+308,0,1.7976931348623157e+308,0,1.7976931348623157e+308,0
20211014,ag2111,4913.0,4800.0,4817.0,0.0,4813.0,4916.0,4803.0,3295,240951705.0,7599.0,1.7976931348623157e+308,1.7976931348623157e+308,5280.0,4320.0,0.0,1.7976931348623157e+308,20:27:45,0,73126.46585735964,20211013,4907.0,90,4912.0,17,1.7976931348623157e+308,0,1.7976931348623157e+308,0,1.7976931348623157e+308,0,1.7976931348623157e+308,0,1.7976931348623157e+308,0,1.7976931348623157e+308,0,1.7976931348623157e+308,0,1.7976931348623157e+308,0
20211014,ag2111,4913.0,4800.0,4817.0,0.0,4813.0,4916.0,4803.0,3295,240951705.0,7599.0,1.7976931348623157e+308,1.7976931348623157e+308,5280.0,4320.0,0.0,1.7976931348623157e+308,20:27:46,0,73126.46585735964,20211013,4907.0,90,4911.0,15,1.7976931348623157e+308,0,1.7976931348623157e+308,0,1.7976931348623157e+308,0,1.7976931348623157e+308,0,1.7976931348623157e+308,0,1.7976931348623157e+308,0,1.7976931348623157e+308,0,1.7976931348623157e+308,0
20211014,ag2111,4913.0,4800.0,4817.0,0.0,4813.0,4916.0,4803.0,3295,240951705.0,7599.0,1.7976931348623157e+308,1.7976931348623157e+308,5280.0,4320.0,0.0,1.7976931348623157e+308,20:27:46,500,73126.46585735964,20211013,4907.0,15,4911.0,15,1.7976931348623157e+308,0,1.7976931348623157e+308,0,1.7976931348623157e+308,0,1.7976931348623157e+308,0,1.7976931348623157e+308,0,1.7976931348623157e+308,0,1.7976931348623157e+308,0,1.7976931348623157e+308,0
20211014,ag2111,4913.0,4800.0,4817.0,0.0,4813.0,4916.0,4803.0,3295,240951705.0,7599.0,1.7976931348623157e+308,1.7976931348623157e+308,5280.0,4320.0,0.0,1.7976931348623157e+308,20:27:47,0,73126.46585735964,20211013,4907.0,15,4911.0,15,1.7976931348623157e+308,0,1.7976931348623157e+308,0,1.7976931348623157e+308,0,1.7976931348623157e+308,0,1.7976931348623157e+308,0,1.7976931348623157e+308,0,1.7976931348623157e+308,0,1.7976931348623157e+308,0
20211014,ag2111,4913.0,4800.0,4817.0,0.0,4813.0,4916.0,4803.0,3295,240951705.0,7599.0,1.7976931348623157e+308,1.7976931348623157e+308,5280.0,4320.0,0.0,1.7976931348623157e+308,20:27:47,500,73126.46585735964,20211013,4906.0,75,4911.0,15,1.7976931348623157e+308,0,1.7976931348623157e+308,0,1.7976931348623157e+308,0,1.7976931348623157e+308,0,1.7976931348623157e+308,0,1.7976931348623157e+308,0,1.7976931348623157e+308,0,1.7976931348623157e+308,0
20211014,ag2111,4913.0,4800.0,4817.0,0.0,4813.0,4916.0,4803.0,3295,240951705.0,7599.0,1.7976931348623157e+308,1.7976931348623157e+308,5280.0,4320.0,0.0,1.7976931348623157e+308,20:27:48,0,73126.46585735964,20211013,4906.0,75,4911.0,15,1.7976931348623157e+308,0,1.7976931348623157e+308,0,1.7976931348623157e+308,0,1.7976931348623157e+308,0,1.7976931348623157e+308,0,1.7976931348623157e+308,0,1.7976931348623157e+308,0,1.7976931348623157e+308,0
20211014,ag2111,4913.0,4800.0,4817.0,0.0,4813.0,4916.0,4803.0,3295,240951705.0,7599.0,1.7976931348623157e+308,1.7976931348623157e+308,5280.0,4320.0,0.0,1.7976931348623157e+308,20:27:49,500,73126.46585735964,20211013,4906.0,90,4911.0,15,1.7976931348623157e+308,0,1.7976931348623157e+308,0,1.7976931348623157e+308,0,1.7976931348623157e+308,0,1.7976931348623157e+308,0,1.7976931348623157e+308,0,1.7976931348623157e+308,0,1.7976931348623157e+308,0
20211014,ag2111,4913.0,4800.0,4817.0,0.0,4813.0,4916.0,4803.0,3295,240951705.0,7599.0,1.7976931348623157e+308,1.7976931348623157e+308,5280.0,4320.0,0.0,1.7976931348623157e+308,20:27:50,0,73126.46585735964,20211013,4906.0,90,4912.0,90,1.7976931348623157e+308,0,1.7976931348623157e+308,0,1.7976931348623157e+308,0,1.7976931348623157e+308,0,1.7976931348623157e+308,0,1.7976931348623157e+308,0,1.7976931348623157e+308,0,1.7976931348623157e+308,0
20211014,ag2111,4913.0,4800.0,4817.0,0.0,4813.0,4916.0,4803.0,3295,240951705.0,7599.0,1.7976931348623157e+308,1.7976931348623157e+308,5280.0,4320.0,0.0,1.7976931348623157e+308,20:27:50,500,73126.46585735964,20211013,4906.0,105,4912.0,105,1.7976931348623157e+308,0,1.7976931348623157e+308,0,1.7976931348623157e+308,0,1.7976931348623157e+308,0,1.7976931348623157e+308,0,1.7976931348623157e+308,0,1.7976931348623157e+308,0,1.7976931348623157e+308,0
20211014,ag2111,4913.0,4800.0,4817.0,0.0,4813.0,4916.0,4803.0,3295,240951705.0,7599.0,1.7976931348623157e+308,1.7976931348623157e+308,5280.0,4320.0,0.0,1.7976931348623157e+308,20:27:52,500,73126.46585735964,20211013,4906.0,120,4912.0,120,1.7976931348623157e+308,0,1.7976931348623157e+308,0,1.7976931348623157e+308,0,1.7976931348623157e+308,0,1.7976931348623157e+308,0,1.7976931348623157e+308,0,1.7976931348623157e+308,0,1.7976931348623157e+308,0
20211014,ag2111,4913.0,4800.0,4817.0,0.0,4813.0,4916.0,4803.0,3295,240951705.0,7599.0,1.7976931348623157e+308,1.7976931348623157e+308,5280.0,4320.0,0.0,1.7976931348623157e+308,20:27:54,0,73126.46585735964,20211013,4906.0,135,4912.0,135,1.7976931348623157e+308,0,1.7976931348623157e+308,0,1.7976931348623157e+308,0,1.7976931348623157e+308,0,1.7976931348623157e+308,0,1.7976931348623157e+308,0,1.7976931348623157e+308,0,1.7976931348623157e+308,0
20211014,ag2111,4913.0,4800.0,4817.0,0.0,4813.0,4916.0,4803.0,3295,240951705.0,7599.0,1.7976931348623157e+308,1.7976931348623157e+308,5280.0,4320.0,0.0,1.7976931348623157e+308,20:27:54,500,73126.46585735964,20211013,4906.0,150,4912.0,150,1.7976931348623157e+308,0,1.7976931348623157e+308,0,1.7976931348623157e+308,0,1.7976931348623157e+308,0,1.7976931348623157e+308,0,1.7976931348623157e+308,0,1.7976931348623157e+308,0,1.7976931348623157e+308,0
20211014,ag2111,4913.0,4800.0,4817.0,0.0,4813.0,4916.0,4803.0,3295,240951705.0,7599.0,1.7976931348623157e+308,1.7976931348623157e+308,5280.0,4320.0,0.0,1.7976931348623157e+308,20:28:00,0,73126.46585735964,20211013,4906.0,152,4912.0,150,1.7976931348623157e+308,0,1.7976931348623157e+308,0,1.7976931348623157e+308,0,1.7976931348623157e+308,0,1.7976931348623157e+308,0,1.7976931348623157e+308,0,1.7976931348623157e+308,0,1.7976931348623157e+308,0
20211014,ag2111,4913.0,4800.0,4817.0,0.0,4813.0,4916.0,4803.0,3295,240951705.0,7599.0,1.7976931348623157e+308,1.7976931348623157e+308,5280.0,4320.0,0.0,1.7976931348623157e+308,20:28:00,500,73126.46585735964,20211013,4906.0,152,4912.0,150,1.7976931348623157e+308,0,1.7976931348623157e+308,0,1.7976931348623157e+308,0,1.7976931348623157e+308,0,1.7976931348623157e+308,0,1.7976931348623157e+308,0,1.7976931348623157e+308,0,1.7976931348623157e+308,0
20211014,ag2111,4913.0,4800.0,4817.0,0.0,4813.0,4916.0,4803.0,3295,240951705.0,7599.0,1.7976931348623157e+308,1.7976931348623157e+308,5280.0,4320.0,0.0,1.7976931348623157e+308,20:28:03,0,73126.46585735964,20211013,4906.0,137,4912.0,135,1.7976931348623157e+308,0,1.7976931348623157e+308,0,1.7976931348623157e+308,0,1.7976931348623157e+308,0,1.7976931348623157e+308,0,1.7976931348623157e+308,0,1.7976931348623157e+308,0,1.7976931348623157e+308,0
20211014,ag2111,4913.0,4800.0,4817.0,0.0,4813.0,4916.0,4803.0,3295,240951705.0,7599.0,1.7976931348623157e+308,1.7976931348623157e+308,5280.0,4320.0,0.0,1.7976931348623157e+308,20:28:03,500,73126.46585735964,20211013,4906.0,152,4912.0,150,1.7976931348623157e+308,0,1.7976931348623157e+308,0,1.7976931348623157e+308,0,1.7976931348623157e+308,0,1.7976931348623157e+308,0,1.7976931348623157e+308,0,1.7976931348623157e+308,0,1.7976931348623157e+308,0
20211014,ag2111,4913.0,4800.0,4817.0,0.0,4813.0,4916.0,4803.0,3295,240951705.0,7599.0,1.7976931348623157e+308,1.7976931348623157e+308,5280.0,4320.0,0.0,1.7976931348623157e+308,20:28:04,0,73126.46585735964,20211013,4906.0,152,4912.0,150,1.7976931348623157e+308,0,1.7976931348623157e+308,0,1.7976931348623157e+308,0,1.7976931348623157e+308,0,1.7976931348623157e+308,0,1.7976931348623157e+308,0,1.7976931348623157e+308,0,1.7976931348623157e+308,0
20211014,ag2111,4913.0,4800.0,4817.0,0.0,4813.0,4916.0,4803.0,3295,240951705.0,7599.0,1.7976931348623157e+308,1.7976931348623157e+308,5280.0,4320.0,0.0,1.7976931348623157e+308,20:28:09,0,73126.46585735964,20211013,4907.0,15,4912.0,135,1.7976931348623157e+308,0,1.7976931348623157e+308,0,1.7976931348623157e+308,0,1.7976931348623157e+308,0,1.7976931348623157e+308,0,1.7976931348623157e+308,0,1.7976931348623157e+308,0,1.7976931348623157e+308,0
20211014,ag2111,4913.0,4800.0,4817.0,0.0,4813.0,4916.0,4803.0,3295,240951705.0,7599.0,1.7976931348623157e+308,1.7976931348623157e+308,5280.0,4320.0,0.0,1.7976931348623157e+308,20:28:09,500,73126.46585735964,20211013,4907.0,30,4912.0,90,1.7976931348623157e+308,0,1.7976931348623157e+308,0,1.7976931348623157e+308,0,1.7976931348623157e+308,0,1.7976931348623157e+308,0,1.7976931348623157e+308,0,1.7976931348623157e+308,0,1.7976931348623157e+308,0
20211014,ag2111,4913.0,4800.0,4817.0,0.0,4813.0,4916.0,4803.0,3295,240951705.0,7599.0,1.7976931348623157e+308,1.7976931348623157e+308,5280.0,4320.0,0.0,1.7976931348623157e+308,20:28:10,0,73126.46585735964,20211013,4907.0,60,4912.0,60,1.7976931348623157e+308,0,1.7976931348623157e+308,0,1.7976931348623157e+308,0,1.7976931348623157e+308,0,1.7976931348623157e+308,0,1.7976931348623157e+308,0,1.7976931348623157e+308,0,1.7976931348623157e+308,0
20211014,ag2111,4913.0,4800.0,4817.0,0.0,4813.0,4916.0,4803.0,3295,240951705.0,7599.0,1.7976931348623157e+308,1.7976931348623157e+308,5280.0,4320.0,0.0,1.7976931348623157e+308,20:28:10,500,73126.46585735964,20211013,4907.0,75,4912.0,30,1.7976931348623157e+308,0,1.7976931348623157e+308,0,1.7976931348623157e+308,0,1.7976931348623157e+308,0,1.7976931348623157e+308,0,1.7976931348623157e+308,0,1.7976931348623157e+308,0,1.7976931348623157e+308,0
20211014,ag2111,4913.0,4800.0,4817.0,0.0,4813.0,4916.0,4803.0,3295,240951705.0,7599.0,1.7976931348623157e+308,1.7976931348623157e+308,5280.0,4320.0,0.0,1.7976931348623157e+308,20:28:11,0,73126.46585735964,20211013,4907.0,105,4913.0,105,1.7976931348623157e+308,0,1.7976931348623157e+308,0,1.7976931348623157e+308,0,1.7976931348623157e+308,0,1.7976931348623157e+308,0,1.7976931348623157e+308,0,1.7976931348623157e+308,0,1.7976931348623157e+308,0
20211014,ag2111,4913.0,4800.0,4817.0,0.0,4813.0,4916.0,4803.0,3295,240951705.0,7599.0,1.7976931348623157e+308,1.7976931348623157e+308,5280.0,4320.0,0.0,1.7976931348623157e+308,20:28:11,500,73126.46585735964,20211013,4907.0,120,4913.0,120,1.7976931348623157e+308,0,1.7976931348623157e+308,0,1.7976931348623157e+308,0,1.7976931348623157e+308,0,1.7976931348623157e+308,0,1.7976931348623157e+308,0,1.7976931348623157e+308,0,1.7976931348623157e+308,0
20211014,ag2111,4913.0,4800.0,4817.0,0.0,4813.0,4916.0,4803.0,3295,240951705.0,7599.0,1.7976931348623157e+308,1.7976931348623157e+308,5280.0,4320.0,0.0,1.7976931348623157e+308,20:28:13,500,73126.46585735964,20211013,4907.0,135,4913.0,135,1.7976931348623157e+308,0,1.7976931348623157e+308,0,1.7976931348623157e+308,0,1.7976931348623157e+308,0,1.7976931348623157e+308,0,1.7976931348623157e+308,0,1.7976931348623157e+308,0,1.7976931348623157e+308,0
20211014,ag2111,4913.0,4800.0,4817.0,0.0,4813.0,4916.0,4803.0,3295,240951705.0,7599.0,1.7976931348623157e+308,1.7976931348623157e+308,5280.0,4320.0,0.0,1.7976931348623157e+308,20:28:14,0,73126.46585735964,20211013,4907.0,135,4913.0,135,1.7976931348623157e+308,0,1.7976931348623157e+308,0,1.7976931348623157e+308,0,1.7976931348623157e+308,0,1.7976931348623157e+308,0,1.7976931348623157e+308,0,1.7976931348623157e+308,0,1.7976931348623157e+308,0
20211014,ag2111,4913.0,4800.0,4817.0,0.0,4813.0,4916.0,4803.0,3295,240951705.0,7599.0,1.7976931348623157e+308,1.7976931348623157e+308,5280.0,4320.0,0.0,1.7976931348623157e+308,20:28:15,500,73126.46585735964,20211013,4907.0,150,4913.0,150,1.7976931348623157e+308,0,1.7976931348623157e+308,0,1.7976931348623157e+308,0,1.7976931348623157e+308,0,1.7976931348623157e+308,0,1.7976931348623157e+308,0,1.7976931348623157e+308,0,1.7976931348623157e+308,0
20211014,ag2111,4913.0,4800.0,4817.0,0.0,4813.0,4916.0,4803.0,3295,240951705.0,7599.0,1.7976931348623157e+308,1.7976931348623157e+308,5280.0,4320.0,0.0,1.7976931348623157e+308,20:28:17,0,73126.46585735964,20211013,4907.0,150,4913.0,152,1.7976931348623157e+308,0,1.7976931348623157e+308,0,1.7976931348623157e+308,0,1.7976931348623157e+308,0,1.7976931348623157e+308,0,1.7976931348623157e+308,0,1.7976931348623157e+308,0,1.7976931348623157e+308,0
20211014,ag2111,4913.0,4800.0,4817.0,0.0,4813.0,4916.0,4803.0,3295,240951705.0,7599.0,1.7976931348623157e+308,1.7976931348623157e+308,5280.0,4320.0,0.0,1.7976931348623157e+308,20:28:17,500,73126.46585735964,20211013,4907.0,135,4913.0,137,1.7976931348623157e+308,0,1.7976931348623157e+308,0,1.7976931348623157e+308,0,1.7976931348623157e+308,0,1.7976931348623157e+308,0,1.7976931348623157e+308,0,1.7976931348623157e+308,0,1.7976931348623157e+308,0
20211014,ag2111,4913.0,4800.0,4817.0,0.0,4813.0,4916.0,4803.0,3295,240951705.0,7599.0,1.7976931348623157e+308,1.7976931348623157e+308,5280.0,4320.0,0.0,1.7976931348623157e+308,20:28:18,0,73126.46585735964,20211013,4907.0,135,4912.0,15,1.7976931348623157e+308,0,1.7976931348623157e+308,0,1.7976931348623157e+308,0,1.7976931348623157e+308,0,1.7976931348623157e+308,0,1.7976931348623157e+308,0,1.7976931348623157e+308,0,1.7976931348623157e+308,0
20211014,ag2111,4913.0,4800.0,4817.0,0.0,4813.0,4916.0,4803.0,3295,240951705.0,7599.0,1.7976931348623157e+308,1.7976931348623157e+308,5280.0,4320.0,0.0,1.7976931348623157e+308,20:28:20,0,73126.46585735964,20211013,4907.0,135,4913.0,152,1.7976931348623157e+308,0,1.7976931348623157e+308,0,1.7976931348623157e+308,0,1.7976931348623157e+308,0,1.7976931348623157e+308,0,1.7976931348623157e+308,0,1.7976931348623157e+308,0,1.7976931348623157e+308,0
20211014,ag2111,4913.0,4800.0,4817.0,0.0,4813.0,4916.0,4803.0,3295,240951705.0,7599.0,1.7976931348623157e+308,1.7976931348623157e+308,5280.0,4320.0,0.0,1.7976931348623157e+308,20:28:20,500,73126.46585735964,20211013,4907.0,150,4913.0,150,1.7976931348623157e+308,0,1.7976931348623157e+308,0,1.7976931348623157e+308,0,1.7976931348623157e+308,0,1.7976931348623157e+308,0,1.7976931348623157e+308,0,1.7976931348623157e+308,0,1.7976931348623157e+308,0
20211014,ag2111,4913.0,4800.0,4817.0,0.0,4813.0,4916.0,4803.0,3295,240951705.0,7599.0,1.7976931348623157e+308,1.7976931348623157e+308,5280.0,4320.0,0.0,1.7976931348623157e+308,20:28:22,0,73126.46585735964,20211013,4907.0,150,4913.0,150,1.7976931348623157e+308,0,1.7976931348623157e+308,0,1.7976931348623157e+308,0,1.7976931348623157e+308,0,1.7976931348623157e+308,0,1.7976931348623157e+308,0,1.7976931348623157e+308,0,1.7976931348623157e+308,0
20211014,ag2111,4913.0,4800.0,4817.0,0.0,4813.0,4916.0,4803.0,3295,240951705.0,7599.0,1.7976931348623157e+308,1.7976931348623157e+308,5280.0,4320.0,0.0,1.7976931348623157e+308,20:28:27,0,73126.46585735964,20211013,4907.0,150,4913.0,150,1.7976931348623157e+308,0,1.7976931348623157e+308,0,1.7976931348623157e+308,0,1.7976931348623157e+308,0,1.7976931348623157e+308,0,1.7976931348623157e+308,0,1.7976931348623157e+308,0,1.7976931348623157e+308,0
20211014,ag2111,4913.0,4800.0,4817.0,0.0,4813.0,4916.0,4803.0,3295,240951705.0,7599.0,1.7976931348623157e+308,1.7976931348623157e+308,5280.0,4320.0,0.0,1.7976931348623157e+308,20:28:33,0,73126.46585735964,20211013,4907.0,135,4913.0,135,1.7976931348623157e+308,0,1.7976931348623157e+308,0,1.7976931348623157e+308,0,1.7976931348623157e+308,0,1.7976931348623157e+308,0,1.7976931348623157e+308,0,1.7976931348623157e+308,0,1.7976931348623157e+308,0
20211014,ag2111,4913.0,4800.0,4817.0,0.0,4813.0,4916.0,4803.0,3295,240951705.0,7599.0,1.7976931348623157e+308,1.7976931348623157e+308,5280.0,4320.0,0.0,1.7976931348623157e+308,20:28:33,500,73126.46585735964,20211013,4907.0,150,4913.0,150,1.7976931348623157e+308,0,1.7976931348623157e+308,0,1.7976931348623157e+308,0,1.7976931348623157e+308,0,1.7976931348623157e+308,0,1.7976931348623157e+308,0,1.7976931348623157e+308,0,1.7976931348623157e+308,0
20211014,ag2111,4913.0,4800.0,4817.0,0.0,4813.0,4916.0,4803.0,3295,240951705.0,7599.0,1.7976931348623157e+308,1.7976931348623157e+308,5280.0,4320.0,0.0,1.7976931348623157e+308,20:28:36,0,73126.46585735964,20211013,4907.0,150,4913.0,153,1.7976931348623157e+308,0,1.7976931348623157e+308,0,1.7976931348623157e+308,0,1.7976931348623157e+308,0,1.7976931348623157e+308,0,1.7976931348623157e+308,0,1.7976931348623157e+308,0,1.7976931348623157e+308,0
20211014,ag2111,4913.0,4800.0,4817.0,0.0,4813.0,4916.0,4803.0,3295,240951705.0,7599.0,1.7976931348623157e+308,1.7976931348623157e+308,5280.0,4320.0,0.0,1.7976931348623157e+308,20:28:36,500,73126.46585735964,20211013,4907.0,135,4913.0,138,1.7976931348623157e+308,0,1.7976931348623157e+308,0,1.7976931348623157e+308,0,1.7976931348623157e+308,0,1.7976931348623157e+308,0,1.7976931348623157e+308,0,1.7976931348623157e+308,0,1.7976931348623157e+308,0
20211014,ag2111,4913.0,4800.0,4817.0,0.0,4813.0,4916.0,4803.0,3295,240951705.0,7599.0,1.7976931348623157e+308,1.7976931348623157e+308,5280.0,4320.0,0.0,1.7976931348623157e+308,20:28:37,0,73126.46585735964,20211013,4907.0,135,4912.0,15,1.7976931348623157e+308,0,1.7976931348623157e+308,0,1.7976931348623157e+308,0,1.7976931348623157e+308,0,1.7976931348623157e+308,0,1.7976931348623157e+308,0,1.7976931348623157e+308,0,1.7976931348623157e+308,0
20211014,ag2111,4913.0,4800.0,4817.0,0.0,4813.0,4916.0,4803.0,3295,240951705.0,7599.0,1.7976931348623157e+308,1.7976931348623157e+308,5280.0,4320.0,0.0,1.7976931348623157e+308,20:28:44,0,73126.46585735964,20211013,4907.0,135,4912.0,15,1.7976931348623157e+308,0,1.7976931348623157e+308,0,1.7976931348623157e+308,0,1.7976931348623157e+308,0,1.7976931348623157e+308,0,1.7976931348623157e+308,0,1.7976931348623157e+308,0,1.7976931348623157e+308,0
20211014,ag2111,4913.0,4800.0,4817.0,0.0,4813.0,4916.0,4803.0,3295,240951705.0,7599.0,1.7976931348623157e+308,1.7976931348623157e+308,5280.0,4320.0,0.0,1.7976931348623157e+308,20:28:44,500,73126.46585735964,20211013,4907.0,135,4912.0,15,1.7976931348623157e+308,0,1.7976931348623157e+308,0,1.7976931348623157e+308,0,1.7976931348623157e+308,0,1.7976931348623157e+308,0,1.7976931348623157e+308,0,1.7976931348623157e+308,0,1.7976931348623157e+308,0
20211014,ag2111,4913.0,4800.0,4817.0,0.0,4813.0,4916.0,4803.0,3295,240951705.0,7599.0,1.7976931348623157e+308,1.7976931348623157e+308,5280.0,4320.0,0.0,1.7976931348623157e+308,20:28:45,0,73126.46585735964,20211013,4907.0,135,4913.0,135,1.7976931348623157e+308,0,1.7976931348623157e+308,0,1.7976931348623157e+308,0,1.7976931348623157e+308,0,1.7976931348623157e+308,0,1.7976931348623157e+308,0,1.7976931348623157e+308,0,1.7976931348623157e+308,0
20211014,ag2111,4913.0,4800.0,4817.0,0.0,4813.0,4916.0,4803.0,3295,240951705.0,7599.0,1.7976931348623157e+308,1.7976931348623157e+308,5280.0,4320.0,0.0,1.7976931348623157e+308,20:28:45,500,73126.46585735964,20211013,4907.0,135,4911.0,15,1.7976931348623157e+308,0,1.7976931348623157e+308,0,1.7976931348623157e+308,0,1.7976931348623157e+308,0,1.7976931348623157e+308,0,1.7976931348623157e+308,0,1.7976931348623157e+308,0,1.7976931348623157e+308,0
20211014,ag2111,4913.0,4800.0,4817.0,0.0,4813.0,4916.0,4803.0,3295,240951705.0,7599.0,1.7976931348623157e+308,1.7976931348623157e+308,5280.0,4320.0,0.0,1.7976931348623157e+308,20:28:46,0,73126.46585735964,20211013,4907.0,30,4911.0,15,1.7976931348623157e+308,0,1.7976931348623157e+308,0,1.7976931348623157e+308,0,1.7976931348623157e+308,0,1.7976931348623157e+308,0,1.7976931348623157e+308,0,1.7976931348623157e+308,0,1.7976931348623157e+308,0
20211014,ag2111,4913.0,4800.0,4817.0,0.0,4813.0,4916.0,4803.0,3295,240951705.0,7599.0,1.7976931348623157e+308,1.7976931348623157e+308,5280.0,4320.0,0.0,1.7976931348623157e+308,20:28:46,500,73126.46585735964,20211013,4907.0,15,4911.0,15,1.7976931348623157e+308,0,1.7976931348623157e+308,0,1.7976931348623157e+308,0,1.7976931348623157e+308,0,1.7976931348623157e+308,0,1.7976931348623157e+308,0,1.7976931348623157e+308,0,1.7976931348623157e+308,0
20211014,ag2111,4913.0,4800.0,4817.0,0.0,4813.0,4916.0,4803.0,3295,240951705.0,7599.0,1.7976931348623157e+308,1.7976931348623157e+308,5280.0,4320.0,0.0,1.7976931348623157e+308,20:28:47,0,73126.46585735964,20211013,4906.0,90,4911.0,15,1.7976931348623157e+308,0,1.7976931348623157e+308,0,1.7976931348623157e+308,0,1.7976931348623157e+308,0,1.7976931348623157e+308,0,1.7976931348623157e+308,0,1.7976931348623157e+308,0,1.7976931348623157e+308,0
20211014,ag2111,4913.0,4800.0,4817.0,0.0,4813.0,4916.0,4803.0,3295,240951705.0,7599.0,1.7976931348623157e+308,1.7976931348623157e+308,5280.0,4320.0,0.0,1.7976931348623157e+308,20:28:47,500,73126.46585735964,20211013,4906.0,105,4911.0,15,1.7976931348623157e+308,0,1.7976931348623157e+308,0,1.7976931348623157e+308,0,1.7976931348623157e+308,0,1.7976931348623157e+308,0,1.7976931348623157e+308,0,1.7976931348623157e+308,0,1.7976931348623157e+308,0
20211014,ag2111,4913.0,4800.0,4817.0,0.0,4813.0,4916.0,4803.0,3295,240951705.0,7599.0,1.7976931348623157e+308,1.7976931348623157e+308,5280.0,4320.0,0.0,1.7976931348623157e+308,20:28:50,0,73126.46585735964,20211013,4906.0,120,4911.0,15,1.7976931348623157e+308,0,1.7976931348623157e+308,0,1.7976931348623157e+308,0,1.7976931348623157e+308,0,1.7976931348623157e+308,0,1.7976931348623157e+308,0,1.7976931348623157e+308,0,1.7976931348623157e+308,0
20211014,ag2111,4913.0,4800.0,4817.0,0.0,4813.0,4916.0,4803.0,3295,240951705.0,7599.0,1.7976931348623157e+308,1.7976931348623157e+308,5280.0,4320.0,0.0,1.7976931348623157e+308,20:28:50,500,73126.46585735964,20211013,4906.0,105,4911.0,15,1.7976931348623157e+308,0,1.7976931348623157e+308,0,1.7976931348623157e+308,0,1.7976931348623157e+308,0,1.7976931348623157e+308,0,1.7976931348623157e+308,0,1.7976931348623157e+308,0,1.7976931348623157e+308,0
20211014,ag2111,4913.0,4800.0,4817.0,0.0,4813.0,4916.0,4803.0,3295,240951705.0,7599.0,1.7976931348623157e+308,1.7976931348623157e+308,5280.0,4320.0,0.0,1.7976931348623157e+308,20:28:52,0,73126.46585735964,20211013,4906.0,120,4911.0,15,1.7976931348623157e+308,0,1.7976931348623157e+308,0,1.7976931348623157e+308,0,1.7976931348623157e+308,0,1.7976931348623157e+308,0,1.7976931348623157e+308,0,1.7976931348623157e+308,0,1.7976931348623157e+308,0
20211014,ag2111,4913.0,4800.0,4817.0,0.0,4813.0,4916.0,4803.0,3295,240951705.0,7599.0,1.7976931348623157e+308,1.7976931348623157e+308,5280.0,4320.0,0.0,1.7976931348623157e+308,20:28:52,500,73126.46585735964,20211013,4906.0,105,4911.0,15,1.7976931348623157e+308,0,1.7976931348623157e+308,0,1.7976931348623157e+308,0,1.7976931348623157e+308,0,1.7976931348623157e+308,0,1.7976931348623157e+308,0,1.7976931348623157e+308,0,1.7976931348623157e+308,0
20211014,ag2111,4913.0,4800.0,4817.0,0.0,4813.0,4916.0,4803.0,3295,240951705.0,7599.0,1.7976931348623157e+308,1.7976931348623157e+308,5280.0,4320.0,0.0,1.7976931348623157e+308,20:28:54,0,73126.46585735964,20211013,4906.0,120,4911.0,15,1.7976931348623157e+308,0,1.7976931348623157e+308,0,1.7976931348623157e+308,0,1.7976931348623157e+308,0,1.7976931348623157e+308,0,1.7976931348623157e+308,0,1.7976931348623157e+308,0,1.7976931348623157e+308,0
20211014,ag2111,4913.0,4800.0,4817.0,0.0,4813.0,4916.0,4803.0,3295,240951705.0,7599.0,1.7976931348623157e+308,1.7976931348623157e+308,5280.0,4320.0,0.0,1.7976931348623157e+308,20:28:54,500,73126.46585735964,20211013,4906.0,105,4911.0,15,1.7976931348623157e+308,0,1.7976931348623157e+308,0,1.7976931348623157e+308,0,1.7976931348623157e+308,0,1.7976931348623157e+308,0,1.7976931348623157e+308,0,1.7976931348623157e+308,0,1.7976931348623157e+308,0
20211014,ag2111,4913.0,4800.0,4817.0,0.0,4813.0,4916.0,4803.0,3295,240951705.0,7599.0,1.7976931348623157e+308,1.7976931348623157e+308,5280.0,4320.0,0.0,1.7976931348623157e+308,20:28:56,0,73126.46585735964,20211013,4906.0,120,4911.0,15,1.7976931348623157e+308,0,1.7976931348623157e+308,0,1.7976931348623157e+308,0,1.7976931348623157e+308,0,1.7976931348623157e+308,0,1.7976931348623157e+308,0,1.7976931348623157e+308,0,1.7976931348623157e+308,0
20211014,ag2111,4913.0,4800.0,4817.0,0.0,4813.0,4916.0,4803.0,3295,240951705.0,7599.0,1.7976931348623157e+308,1.7976931348623157e+308,5280.0,4320.0,0.0,1.7976931348623157e+308,20:28:56,500,73126.46585735964,20211013,4906.0,105,4911.0,15,1.7976931348623157e+308,0,1.7976931348623157e+308,0,1.7976931348623157e+308,0,1.7976931348623157e+308,0,1.7976931348623157e+308,0,1.7976931348623157e+308,0,1.7976931348623157e+308,0,1.7976931348623157e+308,0
20211014,ag2111,4913.0,4800.0,4817.0,0.0,4813.0,4916.0,4803.0,3295,240951705.0,7599.0,1.7976931348623157e+308,1.7976931348623157e+308,5280.0,4320.0,0.0,1.7976931348623157e+308,20:28:58,0,73126.46585735964,20211013,4906.0,120,4911.0,15,1.7976931348623157e+308,0,1.7976931348623157e+308,0,1.7976931348623157e+308,0,1.7976931348623157e+308,0,1.7976931348623157e+308,0,1.7976931348623157e+308,0,1.7976931348623157e+308,0,1.7976931348623157e+308,0
20211014,ag2111,4913.0,4800.0,4817.0,0.0,4813.0,4916.0,4803.0,3295,240951705.0,7599.0,1.7976931348623157e+308,1.7976931348623157e+308,5280.0,4320.0,0.0,1.7976931348623157e+308,20:28:58,500,73126.46585735964,20211013,4906.0,105,4911.0,15,1.7976931348623157e+308,0,1.7976931348623157e+308,0,1.7976931348623157e+308,0,1.7976931348623157e+308,0,1.7976931348623157e+308,0,1.7976931348623157e+308,0,1.7976931348623157e+308,0,1.7976931348623157e+308,0
20211014,ag2111,4913.0,4800.0,4817.0,0.0,4813.0,4916.0,4803.0,3295,240951705.0,7599.0,1.7976931348623157e+308,1.7976931348623157e+308,5280.0,4320.0,0.0,1.7976931348623157e+308,20:28:59,500,73126.46585735964,20211013,4906.0,105,4912.0,105,1.7976931348623157e+308,0,1.7976931348623157e+308,0,1.7976931348623157e+308,0,1.7976931348623157e+308,0,1.7976931348623157e+308,0,1.7976931348623157e+308,0,1.7976931348623157e+308,0,1.7976931348623157e+308,0
20211014,ag2111,4913.0,4800.0,4817.0,0.0,4813.0,4916.0,4803.0,3295,240951705.0,7599.0,1.7976931348623157e+308,1.7976931348623157e+308,5280.0,4320.0,0.0,1.7976931348623157e+308,20:29:00,0,73126.46585735964,20211013,4906.0,120,4912.0,120,1.7976931348623157e+308,0,1.7976931348623157e+308,0,1.7976931348623157e+308,0,1.7976931348623157e+308,0,1.7976931348623157e+308,0,1.7976931348623157e+308,0,1.7976931348623157e+308,0,1.7976931348623157e+308,0
20211014,ag2111,4913.0,4800.0,4817.0,0.0,4813.0,4916.0,4803.0,3295,240951705.0,7599.0,1.7976931348623157e+308,1.7976931348623157e+308,5280.0,4320.0,0.0,1.7976931348623157e+308,20:29:00,500,73126.46585735964,20211013,4906.0,120,4912.0,122,1.7976931348623157e+308,0,1.7976931348623157e+308,0,1.7976931348623157e+308,0,1.7976931348623157e+308,0,1.7976931348623157e+308,0,1.7976931348623157e+308,0,1.7976931348623157e+308,0,1.7976931348623157e+308,0
20211014,ag2111,4913.0,4800.0,4817.0,0.0,4813.0,4916.0,4803.0,3295,240951705.0,7599.0,1.7976931348623157e+308,1.7976931348623157e+308,5280.0,4320.0,0.0,1.7976931348623157e+308,20:29:01,0,73126.46585735964,20211013,4906.0,135,4912.0,135,1.7976931348623157e+308,0,1.7976931348623157e+308,0,1.7976931348623157e+308,0,1.7976931348623157e+308,0,1.7976931348623157e+308,0,1.7976931348623157e+308,0,1.7976931348623157e+308,0,1.7976931348623157e+308,0
20211014,ag2111,4913.0,4800.0,4817.0,0.0,4813.0,4916.0,4803.0,3295,240951705.0,7599.0,1.7976931348623157e+308,1.7976931348623157e+308,5280.0,4320.0,0.0,1.7976931348623157e+308,20:29:01,500,73126.46585735964,20211013,4906.0,150,4912.0,150,1.7976931348623157e+308,0,1.7976931348623157e+308,0,1.7976931348623157e+308,0,1.7976931348623157e+308,0,1.7976931348623157e+308,0,1.7976931348623157e+308,0,1.7976931348623157e+308,0,1.7976931348623157e+308,0
20211014,ag2111,4913.0,4800.0,4817.0,0.0,4813.0,4916.0,4803.0,3295,240951705.0,7599.0,1.7976931348623157e+308,1.7976931348623157e+308,5280.0,4320.0,0.0,1.7976931348623157e+308,20:29:03,0,73126.46585735964,20211013,4906.0,150,4912.0,152,1.7976931348623157e+308,0,1.7976931348623157e+308,0,1.7976931348623157e+308,0,1.7976931348623157e+308,0,1.7976931348623157e+308,0,1.7976931348623157e+308,0,1.7976931348623157e+308,0,1.7976931348623157e+308,0
20211014,ag2111,4913.0,4800.0,4817.0,0.0,4813.0,4916.0,4803.0,3295,240951705.0,7599.0,1.7976931348623157e+308,1.7976931348623157e+308,5280.0,4320.0,0.0,1.7976931348623157e+308,20:29:03,500,73126.46585735964,20211013,4906.0,135,4912.0,137,1.7976931348623157e+308,0,1.7976931348623157e+308,0,1.7976931348623157e+308,0,1.7976931348623157e+308,0,1.7976931348623157e+308,0,1.7976931348623157e+308,0,1.7976931348623157e+308,0,1.7976931348623157e+308,0
20211014,ag2111,4913.0,4800.0,4817.0,0.0,4813.0,4916.0,4803.0,3295,240951705.0,7599.0,1.7976931348623157e+308,1.7976931348623157e+308,5280.0,4320.0,0.0,1.7976931348623157e+308,20:29:04,0,73126.46585735964,20211013,4906.0,135,4911.0,15,1.7976931348623157e+308,0,1.7976931348623157e+308,0,1.7976931348623157e+308,0,1.7976931348623157e+308,0,1.7976931348623157e+308,0,1.7976931348623157e+308,0,1.7976931348623157e+308,0,1.7976931348623157e+308,0
20211014,ag2111,4913.0,4800.0,4817.0,0.0,4813.0,4916.0,4803.0,3295,240951705.0,7599.0,1.7976931348623157e+308,1.7976931348623157e+308,5280.0,4320.0,0.0,1.7976931348623157e+308,20:29:09,0,73126.46585735964,20211013,4906.0,135,4912.0,137,1.7976931348623157e+308,0,1.7976931348623157e+308,0,1.7976931348623157e+308,0,1.7976931348623157e+308,0,1.7976931348623157e+308,0,1.7976931348623157e+308,0,1.7976931348623157e+308,0,1.7976931348623157e+308,0
20211014,ag2111,4913.0,4800.0,4817.0,0.0,4813.0,4916.0,4803.0,3295,240951705.0,7599.0,1.7976931348623157e+308,1.7976931348623157e+308,5280.0,4320.0,0.0,1.7976931348623157e+308,20:29:09,500,73126.46585735964,20211013,4906.0,135,4911.0,15,1.7976931348623157e+308,0,1.7976931348623157e+308,0,1.7976931348623157e+308,0,1.7976931348623157e+308,0,1.7976931348623157e+308,0,1.7976931348623157e+308,0,1.7976931348623157e+308,0,1.7976931348623157e+308,0
20211014,ag2111,4913.0,4800.0,4817.0,0.0,4813.0,4916.0,4803.0,3295,240951705.0,7599.0,1.7976931348623157e+308,1.7976931348623157e+308,5280.0,4320.0,0.0,1.7976931348623157e+308,20:29:10,0,73126.46585735964,20211013,4906.0,135,4911.0,4,1.7976931348623157e+308,0,1.7976931348623157e+308,0,1.7976931348623157e+308,0,1.7976931348623157e+308,0,1.7976931348623157e+308,0,1.7976931348623157e+308,0,1.7976931348623157e+308,0,1.7976931348623157e+308,0
20211014,ag2111,4913.0,4800.0,4817.0,0.0,4813.0,4916.0,4803.0,3295,240951705.0,7599.0,1.7976931348623157e+308,1.7976931348623157e+308,5280.0,4320.0,0.0,1.7976931348623157e+308,20:29:10,500,73126.46585735964,20211013,4906.0,135,4909.0,15,1.7976931348623157e+308,0,1.7976931348623157e+308,0,1.7976931348623157e+308,0,1.7976931348623157e+308,0,1.7976931348623157e+308,0,1.7976931348623157e+308,0,1.7976931348623157e+308,0,1.7976931348623157e+308,0
20211014,ag2111,4913.0,4800.0,4817.0,0.0,4813.0,4916.0,4803.0,3295,240951705.0,7599.0,1.7976931348623157e+308,1.7976931348623157e+308,5280.0,4320.0,0.0,1.7976931348623157e+308,20:29:11,0,73126.46585735964,20211013,4906.0,30,4909.0,15,1.7976931348623157e+308,0,1.7976931348623157e+308,0,1.7976931348623157e+308,0,1.7976931348623157e+308,0,1.7976931348623157e+308,0,1.7976931348623157e+308,0,1.7976931348623157e+308,0,1.7976931348623157e+308,0
20211014,ag2111,4913.0,4800.0,4817.0,0.0,4813.0,4916.0,4803.0,3295,240951705.0,7599.0,1.7976931348623157e+308,1.7976931348623157e+308,5280.0,4320.0,0.0,1.7976931348623157e+308,20:29:11,500,73126.46585735964,20211013,4906.0,15,4909.0,15,1.7976931348623157e+308,0,1.7976931348623157e+308,0,1.7976931348623157e+308,0,1.7976931348623157e+308,0,1.7976931348623157e+308,0,1.7976931348623157e+308,0,1.7976931348623157e+308,0,1.7976931348623157e+308,0
20211014,ag2111,4913.0,4800.0,4817.0,0.0,4813.0,4916.0,4803.0,3295,240951705.0,7599.0,1.7976931348623157e+308,1.7976931348623157e+308,5280.0,4320.0,0.0,1.7976931348623157e+308,20:29:12,0,73126.46585735964,20211013,4905.0,105,4909.0,15,1.7976931348623157e+308,0,1.7976931348623157e+308,0,1.7976931348623157e+308,0,1.7976931348623157e+308,0,1.7976931348623157e+308,0,1.7976931348623157e+308,0,1.7976931348623157e+308,0,1.7976931348623157e+308,0
20211014,ag2111,4913.0,4800.0,4817.0,0.0,4813.0,4916.0,4803.0,3295,240951705.0,7599.0,1.7976931348623157e+308,1.7976931348623157e+308,5280.0,4320.0,0.0,1.7976931348623157e+308,20:29:12,500,73126.46585735964,20211013,4905.0,45,4909.0,15,1.7976931348623157e+308,0,1.7976931348623157e+308,0,1.7976931348623157e+308,0,1.7976931348623157e+308,0,1.7976931348623157e+308,0,1.7976931348623157e+308,0,1.7976931348623157e+308,0,1.7976931348623157e+308,0
20211014,ag2111,4913.0,4800.0,4817.0,0.0,4813.0,4916.0,4803.0,3295,240951705.0,7599.0,1.7976931348623157e+308,1.7976931348623157e+308,5280.0,4320.0,0.0,1.7976931348623157e+308,20:29:13,0,73126.46585735964,20211013,4905.0,30,4909.0,15,1.7976931348623157e+308,0,1.7976931348623157e+308,0,1.7976931348623157e+308,0,1.7976931348623157e+308,0,1.7976931348623157e+308,0,1.7976931348623157e+308,0,1.7976931348623157e+308,0,1.7976931348623157e+308,0
20211014,ag2111,4913.0,4800.0,4817.0,0.0,4813.0,4916.0,4803.0,3295,240951705.0,7599.0,1.7976931348623157e+308,1.7976931348623157e+308,5280.0,4320.0,0.0,1.7976931348623157e+308,20:29:13,500,73126.46585735964,20211013,4905.0,30,4909.0,15,1.7976931348623157e+308,0,1.7976931348623157e+308,0,1.7976931348623157e+308,0,1.7976931348623157e+308,0,1.7976931348623157e+308,0,1.7976931348623157e+308,0,1.7976931348623157e+308,0,1.7976931348623157e+308,0
20211014,ag2111,4913.0,4800.0,4817.0,0.0,4813.0,4916.0,4803.0,3295,240951705.0,7599.0,1.7976931348623157e+308,1.7976931348623157e+308,5280.0,4320.0,0.0,1.7976931348623157e+308,20:29:14,0,73126.46585735964,20211013,4905.0,15,4909.0,15,1.7976931348623157e+308,0,1.7976931348623157e+308,0,1.7976931348623157e+308,0,1.7976931348623157e+308,0,1.7976931348623157e+308,0,1.7976931348623157e+308,0,1.7976931348623157e+308,0,1.7976931348623157e+308,0
20211014,ag2111,4913.0,4800.0,4817.0,0.0,4813.0,4916.0,4803.0,3295,240951705.0,7599.0,1.7976931348623157e+308,1.7976931348623157e+308,5280.0,4320.0,0.0,1.7976931348623157e+308,20:29:14,500,73126.46585735964,20211013,4904.0,105,4909.0,15,1.7976931348623157e+308,0,1.7976931348623157e+308,0,1.7976931348623157e+308,0,1.7976931348623157e+308,0,1.7976931348623157e+308,0,1.7976931348623157e+308,0,1.7976931348623157e+308,0,1.7976931348623157e+308,0
20211014,ag2111,4913.0,4800.0,4817.0,0.0,4813.0,4916.0,4803.0,3295,240951705.0,7599.0,1.7976931348623157e+308,1.7976931348623157e+308,5280.0,4320.0,0.0,1.7976931348623157e+308,20:29:15,0,73126.46585735964,20211013,4904.0,105,4909.0,15,1.7976931348623157e+308,0,1.7976931348623157e+308,0,1.7976931348623157e+308,0,1.7976931348623157e+308,0,1.7976931348623157e+308,0,1.7976931348623157e+308,0,1.7976931348623157e+308,0,1.7976931348623157e+308,0
20211014,ag2111,4913.0,4800.0,4817.0,0.0,4813.0,4916.0,4803.0,3295,240951705.0,7599.0,1.7976931348623157e+308,1.7976931348623157e+308,5280.0,4320.0,0.0,1.7976931348623157e+308,20:29:15,500,73126.46585735964,20211013,4904.0,120,4909.0,15,1.7976931348623157e+308,0,1.7976931348623157e+308,0,1.7976931348623157e+308,0,1.7976931348623157e+308,0,1.7976931348623157e+308,0,1.7976931348623157e+308,0,1.7976931348623157e+308,0,1.7976931348623157e+308,0
20211014,ag2111,4913.0,4800.0,4817.0,0.0,4813.0,4916.0,4803.0,3295,240951705.0,7599.0,1.7976931348623157e+308,1.7976931348623157e+308,5280.0,4320.0,0.0,1.7976931348623157e+308,20:29:16,0,73126.46585735964,20211013,4904.0,120,4909.0,15,1.7976931348623157e+308,0,1.7976931348623157e+308,0,1.7976931348623157e+308,0,1.7976931348623157e+308,0,1.7976931348623157e+308,0,1.7976931348623157e+308,0,1.7976931348623157e+308,0,1.7976931348623157e+308,0
20211014,ag2111,4913.0,4800.0,4817.0,0.0,4813.0,4916.0,4803.0,3295,240951705.0,7599.0,1.7976931348623157e+308,1.7976931348623157e+308,5280.0,4320.0,0.0,1.7976931348623157e+308,20:29:16,500,73126.46585735964,20211013,4904.0,105,4909.0,15,1.7976931348623157e+308,0,1.7976931348623157e+308,0,1.7976931348623157e+308,0,1.7976931348623157e+308,0,1.7976931348623157e+308,0,1.7976931348623157e+308,0,1.7976931348623157e+308,0,1.7976931348623157e+308,0
20211014,ag2111,4913.0,4800.0,4817.0,0.0,4813.0,4916.0,4803.0,3295,240951705.0,7599.0,1.7976931348623157e+308,1.7976931348623157e+308,5280.0,4320.0,0.0,1.7976931348623157e+308,20:29:17,0,73126.46585735964,20211013,4904.0,90,4909.0,15,1.7976931348623157e+308,0,1.7976931348623157e+308,0,1.7976931348623157e+308,0,1.7976931348623157e+308,0,1.7976931348623157e+308,0,1.7976931348623157e+308,0,1.7976931348623157e+308,0,1.7976931348623157e+308,0
20211014,ag2111,4913.0,4800.0,4817.0,0.0,4813.0,4916.0,4803.0,3295,240951705.0,7599.0,1.7976931348623157e+308,1.7976931348623157e+308,5280.0,4320.0,0.0,1.7976931348623157e+308,20:29:18,0,73126.46585735964,20211013,4904.0,90,4909.0,17,1.7976931348623157e+308,0,1.7976931348623157e+308,0,1.7976931348623157e+308,0,1.7976931348623157e+308,0,1.7976931348623157e+308,0,1.7976931348623157e+308,0,1.7976931348623157e+308,0,1.7976931348623157e+308,0
20211014,ag2111,4913.0,4800.0,4817.0,0.0,4813.0,4916.0,4803.0,3295,240951705.0,7599.0,1.7976931348623157e+308,1.7976931348623157e+308,5280.0,4320.0,0.0,1.7976931348623157e+308,20:29:18,500,73126.46585735964,20211013,4904.0,90,4909.0,6,1.7976931348623157e+308,0,1.7976931348623157e+308,0,1.7976931348623157e+308,0,1.7976931348623157e+308,0,1.7976931348623157e+308,0,1.7976931348623157e+308,0,1.7976931348623157e+308,0,1.7976931348623157e+308,0
20211014,ag2111,4913.0,4800.0,4817.0,0.0,4813.0,4916.0,4803.0,3295,240951705.0,7599.0,1.7976931348623157e+308,1.7976931348623157e+308,5280.0,4320.0,0.0,1.7976931348623157e+308,20:29:19,0,73126.46585735964,20211013,4904.0,90,4907.0,15,1.7976931348623157e+308,0,1.7976931348623157e+308,0,1.7976931348623157e+308,0,1.7976931348623157e+308,0,1.7976931348623157e+308,0,1.7976931348623157e+308,0,1.7976931348623157e+308,0,1.7976931348623157e+308,0
20211014,ag2111,4913.0,4800.0,4817.0,0.0,4813.0,4916.0,4803.0,3295,240951705.0,7599.0,1.7976931348623157e+308,1.7976931348623157e+308,5280.0,4320.0,0.0,1.7976931348623157e+308,20:29:19,500,73126.46585735964,20211013,4904.0,15,4907.0,15,1.7976931348623157e+308,0,1.7976931348623157e+308,0,1.7976931348623157e+308,0,1.7976931348623157e+308,0,1.7976931348623157e+308,0,1.7976931348623157e+308,0,1.7976931348623157e+308,0,1.7976931348623157e+308,0
20211014,ag2111,4913.0,4800.0,4817.0,0.0,4813.0,4916.0,4803.0,3295,240951705.0,7599.0,1.7976931348623157e+308,1.7976931348623157e+308,5280.0,4320.0,0.0,1.7976931348623157e+308,20:29:20,0,73126.46585735964,20211013,4904.0,15,4907.0,15,1.7976931348623157e+308,0,1.7976931348623157e+308,0,1.7976931348623157e+308,0,1.7976931348623157e+308,0,1.7976931348623157e+308,0,1.7976931348623157e+308,0,1.7976931348623157e+308,0,1.7976931348623157e+308,0
20211014,ag2111,4913.0,4800.0,4817.0,0.0,4813.0,4916.0,4803.0,3295,240951705.0,7599.0,1.7976931348623157e+308,1.7976931348623157e+308,5280.0,4320.0,0.0,1.7976931348623157e+308,20:29:20,500,73126.46585735964,20211013,4903.0,15,4907.0,15,1.7976931348623157e+308,0,1.7976931348623157e+308,0,1.7976931348623157e+308,0,1.7976931348623157e+308,0,1.7976931348623157e+308,0,1.7976931348623157e+308,0,1.7976931348623157e+308,0,1.7976931348623157e+308,0
20211014,ag2111,4913.0,4800.0,4817.0,0.0,4813.0,4916.0,4803.0,3295,240951705.0,7599.0,1.7976931348623157e+308,1.7976931348623157e+308,5280.0,4320.0,0.0,1.7976931348623157e+308,20:29:21,0,73126.46585735964,20211013,4903.0,15,4907.0,15,1.7976931348623157e+308,0,1.7976931348623157e+308,0,1.7976931348623157e+308,0,1.7976931348623157e+308,0,1.7976931348623157e+308,0,1.7976931348623157e+308,0,1.7976931348623157e+308,0,1.7976931348623157e+308,0
20211014,ag2111,4913.0,4800.0,4817.0,0.0,4813.0,4916.0,4803.0,3295,240951705.0,7599.0,1.7976931348623157e+308,1.7976931348623157e+308,5280.0,4320.0,0.0,1.7976931348623157e+308,20:29:21,500,73126.46585735964,20211013,4902.0,45,4907.0,15,1.7976931348623157e+308,0,1.7976931348623157e+308,0,1.7976931348623157e+308,0,1.7976931348623157e+308,0,1.7976931348623157e+308,0,1.7976931348623157e+308,0,1.7976931348623157e+308,0,1.7976931348623157e+308,0
20211014,ag2111,4913.0,4800.0,4817.0,0.0,4813.0,4916.0,4803.0,3295,240951705.0,7599.0,1.7976931348623157e+308,1.7976931348623157e+308,5280.0,4320.0,0.0,1.7976931348623157e+308,20:29:22,0,73126.46585735964,20211013,4902.0,60,4907.0,15,1.7976931348623157e+308,0,1.7976931348623157e+308,0,1.7976931348623157e+308,0,1.7976931348623157e+308,0,1.7976931348623157e+308,0,1.7976931348623157e+308,0,1.7976931348623157e+308,0,1.7976931348623157e+308,0
20211014,ag2111,4913.0,4800.0,4817.0,0.0,4813.0,4916.0,4803.0,3295,240951705.0,7599.0,1.7976931348623157e+308,1.7976931348623157e+308,5280.0,4320.0,0.0,1.7976931348623157e+308,20:29:22,500,73126.46585735964,20211013,4902.0,75,4907.0,15,1.7976931348623157e+308,0,1.7976931348623157e+308,0,1.7976931348623157e+308,0,1.7976931348623157e+308,0,1.7976931348623157e+308,0,1.7976931348623157e+308,0,1.7976931348623157e+308,0,1.7976931348623157e+308,0
20211014,ag2111,4913.0,4800.0,4817.0,0.0,4813.0,4916.0,4803.0,3295,240951705.0,7599.0,1.7976931348623157e+308,1.7976931348623157e+308,5280.0,4320.0,0.0,1.7976931348623157e+308,20:29:24,0,73126.46585735964,20211013,4902.0,90,4907.0,15,1.7976931348623157e+308,0,1.7976931348623157e+308,0,1.7976931348623157e+308,0,1.7976931348623157e+308,0,1.7976931348623157e+308,0,1.7976931348623157e+308,0,1.7976931348623157e+308,0,1.7976931348623157e+308,0
20211014,ag2111,4913.0,4800.0,4817.0,0.0,4813.0,4916.0,4803.0,3295,240951705.0,7599.0,1.7976931348623157e+308,1.7976931348623157e+308,5280.0,4320.0,0.0,1.7976931348623157e+308,20:29:24,500,73126.46585735964,20211013,4902.0,90,4907.0,15,1.7976931348623157e+308,0,1.7976931348623157e+308,0,1.7976931348623157e+308,0,1.7976931348623157e+308,0,1.7976931348623157e+308,0,1.7976931348623157e+308,0,1.7976931348623157e+308,0,1.7976931348623157e+308,0
20211014,ag2111,4913.0,4800.0,4817.0,0.0,4813.0,4916.0,4803.0,3295,240951705.0,7599.0,1.7976931348623157e+308,1.7976931348623157e+308,5280.0,4320.0,0.0,1.7976931348623157e+308,20:29:26,0,73126.46585735964,20211013,4902.0,105,4907.0,15,1.7976931348623157e+308,0,1.7976931348623157e+308,0,1.7976931348623157e+308,0,1.7976931348623157e+308,0,1.7976931348623157e+308,0,1.7976931348623157e+308,0,1.7976931348623157e+308,0,1.7976931348623157e+308,0
20211014,ag2111,4913.0,4800.0,4817.0,0.0,4813.0,4916.0,4803.0,3295,240951705.0,7599.0,1.7976931348623157e+308,1.7976931348623157e+308,5280.0,4320.0,0.0,1.7976931348623157e+308,20:29:26,500,73126.46585735964,20211013,4902.0,90,4907.0,15,1.7976931348623157e+308,0,1.7976931348623157e+308,0,1.7976931348623157e+308,0,1.7976931348623157e+308,0,1.7976931348623157e+308,0,1.7976931348623157e+308,0,1.7976931348623157e+308,0,1.7976931348623157e+308,0
20211014,ag2111,4913.0,4800.0,4817.0,0.0,4813.0,4916.0,4803.0,3295,240951705.0,7599.0,1.7976931348623157e+308,1.7976931348623157e+308,5280.0,4320.0,0.0,1.7976931348623157e+308,20:29:27,0,73126.46585735964,20211013,4902.0,75,4907.0,18,1.7976931348623157e+308,0,1.7976931348623157e+308,0,1.7976931348623157e+308,0,1.7976931348623157e+308,0,1.7976931348623157e+308,0,1.7976931348623157e+308,0,1.7976931348623157e+308,0,1.7976931348623157e+308,0
20211014,ag2111,4913.0,4800.0,4817.0,0.0,4813.0,4916.0,4803.0,3295,240951705.0,7599.0,1.7976931348623157e+308,1.7976931348623157e+308,5280.0,4320.0,0.0,1.7976931348623157e+308,20:29:27,500,73126.46585735964,20211013,4902.0,60,4907.0,18,1.7976931348623157e+308,0,1.7976931348623157e+308,0,1.7976931348623157e+308,0,1.7976931348623157e+308,0,1.7976931348623157e+308,0,1.7976931348623157e+308,0,1.7976931348623157e+308,0,1.7976931348623157e+308,0
20211014,ag2111,4913.0,4800.0,4817.0,0.0,4813.0,4916.0,4803.0,3295,240951705.0,7599.0,1.7976931348623157e+308,1.7976931348623157e+308,5280.0,4320.0,0.0,1.7976931348623157e+308,20:29:29,0,73126.46585735964,20211013,4902.0,75,4907.0,18,1.7976931348623157e+308,0,1.7976931348623157e+308,0,1.7976931348623157e+308,0,1.7976931348623157e+308,0,1.7976931348623157e+308,0,1.7976931348623157e+308,0,1.7976931348623157e+308,0,1.7976931348623157e+308,0
20211014,ag2111,4913.0,4800.0,4817.0,0.0,4813.0,4916.0,4803.0,3295,240951705.0,7599.0,1.7976931348623157e+308,1.7976931348623157e+308,5280.0,4320.0,0.0,1.7976931348623157e+308,20:29:29,500,73126.46585735964,20211013,4902.0,60,4907.0,18,1.7976931348623157e+308,0,1.7976931348623157e+308,0,1.7976931348623157e+308,0,1.7976931348623157e+308,0,1.7976931348623157e+308,0,1.7976931348623157e+308,0,1.7976931348623157e+308,0,1.7976931348623157e+308,0
20211014,ag2111,4913.0,4800.0,4817.0,0.0,4813.0,4916.0,4803.0,3295,240951705.0,7599.0,1.7976931348623157e+308,1.7976931348623157e+308,5280.0,4320.0,0.0,1.7976931348623157e+308,20:29:31,0,73126.46585735964,20211013,4902.0,75,4907.0,18,1.7976931348623157e+308,0,1.7976931348623157e+308,0,1.7976931348623157e+308,0,1.7976931348623157e+308,0,1.7976931348623157e+308,0,1.7976931348623157e+308,0,1.7976931348623157e+308,0,1.7976931348623157e+308,0
20211014,ag2111,4913.0,4800.0,4817.0,0.0,4813.0,4916.0,4803.0,3295,240951705.0,7599.0,1.7976931348623157e+308,1.7976931348623157e+308,5280.0,4320.0,0.0,1.7976931348623157e+308,20:29:31,500,73126.46585735964,20211013,4902.0,60,4907.0,6,1.7976931348623157e+308,0,1.7976931348623157e+308,0,1.7976931348623157e+308,0,1.7976931348623157e+308,0,1.7976931348623157e+308,0,1.7976931348623157e+308,0,1.7976931348623157e+308,0,1.7976931348623157e+308,0
20211014,ag2111,4913.0,4800.0,4817.0,0.0,4813.0,4916.0,4803.0,3295,240951705.0,7599.0,1.7976931348623157e+308,1.7976931348623157e+308,5280.0,4320.0,0.0,1.7976931348623157e+308,20:29:32,0,73126.46585735964,20211013,4902.0,60,4906.0,15,1.7976931348623157e+308,0,1.7976931348623157e+308,0,1.7976931348623157e+308,0,1.7976931348623157e+308,0,1.7976931348623157e+308,0,1.7976931348623157e+308,0,1.7976931348623157e+308,0,1.7976931348623157e+308,0
20211014,ag2111,4913.0,4800.0,4817.0,0.0,4813.0,4916.0,4803.0,3295,240951705.0,7599.0,1.7976931348623157e+308,1.7976931348623157e+308,5280.0,4320.0,0.0,1.7976931348623157e+308,20:29:32,500,73126.46585735964,20211013,4901.0,45,4906.0,15,1.7976931348623157e+308,0,1.7976931348623157e+308,0,1.7976931348623157e+308,0,1.7976931348623157e+308,0,1.7976931348623157e+308,0,1.7976931348623157e+308,0,1.7976931348623157e+308,0,1.7976931348623157e+308,0
20211014,ag2111,4913.0,4800.0,4817.0,0.0,4813.0,4916.0,4803.0,3295,240951705.0,7599.0,1.7976931348623157e+308,1.7976931348623157e+308,5280.0,4320.0,0.0,1.7976931348623157e+308,20:29:33,0,73126.46585735964,20211013,4901.0,60,4907.0,60,1.7976931348623157e+308,0,1.7976931348623157e+308,0,1.7976931348623157e+308,0,1.7976931348623157e+308,0,1.7976931348623157e+308,0,1.7976931348623157e+308,0,1.7976931348623157e+308,0,1.7976931348623157e+308,0
20211014,ag2111,4913.0,4800.0,4817.0,0.0,4813.0,4916.0,4803.0,3295,240951705.0,7599.0,1.7976931348623157e+308,1.7976931348623157e+308,5280.0,4320.0,0.0,1.7976931348623157e+308,20:29:33,500,73126.46585735964,20211013,4901.0,75,4907.0,76,1.7976931348623157e+308,0,1.7976931348623157e+308,0,1.7976931348623157e+308,0,1.7976931348623157e+308,0,1.7976931348623157e+308,0,1.7976931348623157e+308,0,1.7976931348623157e+308,0,1.7976931348623157e+308,0
20211014,ag2111,4913.0,4800.0,4817.0,0.0,4813.0,4916.0,4803.0,3295,240951705.0,7599.0,1.7976931348623157e+308,1.7976931348623157e+308,5280.0,4320.0,0.0,1.7976931348623157e+308,20:29:35,0,73126.46585735964,20211013,4901.0,75,4907.0,82,1.7976931348623157e+308,0,1.7976931348623157e+308,0,1.7976931348623157e+308,0,1.7976931348623157e+308,0,1.7976931348623157e+308,0,1.7976931348623157e+308,0,1.7976931348623157e+308,0,1.7976931348623157e+308,0
20211014,ag2111,4913.0,4800.0,4817.0,0.0,4813.0,4916.0,4803.0,3295,240951705.0,7599.0,1.7976931348623157e+308,1.7976931348623157e+308,5280.0,4320.0,0.0,1.7976931348623157e+308,20:29:35,500,73126.46585735964,20211013,4901.0,60,4906.0,15,1.7976931348623157e+308,0,1.7976931348623157e+308,0,1.7976931348623157e+308,0,1.7976931348623157e+308,0,1.7976931348623157e+308,0,1.7976931348623157e+308,0,1.7976931348623157e+308,0,1.7976931348623157e+308,0
20211014,ag2111,4913.0,4800.0,4817.0,0.0,4813.0,4916.0,4803.0,3295,240951705.0,7599.0,1.7976931348623157e+308,1.7976931348623157e+308,5280.0,4320.0,0.0,1.7976931348623157e+308,20:29:36,0,73126.46585735964,20211013,4901.0,60,4906.0,15,1.7976931348623157e+308,0,1.7976931348623157e+308,0,1.7976931348623157e+308,0,1.7976931348623157e+308,0,1.7976931348623157e+308,0,1.7976931348623157e+308,0,1.7976931348623157e+308,0,1.7976931348623157e+308,0
20211014,ag2111,4913.0,4800.0,4817.0,0.0,4813.0,4916.0,4803.0,3295,240951705.0,7599.0,1.7976931348623157e+308,1.7976931348623157e+308,5280.0,4320.0,0.0,1.7976931348623157e+308,20:29:36,500,73126.46585735964,20211013,4901.0,60,4907.0,60,1.7976931348623157e+308,0,1.7976931348623157e+308,0,1.7976931348623157e+308,0,1.7976931348623157e+308,0,1.7976931348623157e+308,0,1.7976931348623157e+308,0,1.7976931348623157e+308,0,1.7976931348623157e+308,0
20211014,ag2111,4913.0,4800.0,4817.0,0.0,4813.0,4916.0,4803.0,3295,240951705.0,7599.0,1.7976931348623157e+308,1.7976931348623157e+308,5280.0,4320.0,0.0,1.7976931348623157e+308,20:29:37,0,73126.46585735964,20211013,4901.0,75,4907.0,76,1.7976931348623157e+308,0,1.7976931348623157e+308,0,1.7976931348623157e+308,0,1.7976931348623157e+308,0,1.7976931348623157e+308,0,1.7976931348623157e+308,0,1.7976931348623157e+308,0,1.7976931348623157e+308,0
20211014,ag2111,4913.0,4800.0,4817.0,0.0,4813.0,4916.0,4803.0,3295,240951705.0,7599.0,1.7976931348623157e+308,1.7976931348623157e+308,5280.0,4320.0,0.0,1.7976931348623157e+308,20:29:39,0,73126.46585735964,20211013,4901.0,90,4907.0,91,1.7976931348623157e+308,0,1.7976931348623157e+308,0,1.7976931348623157e+308,0,1.7976931348623157e+308,0,1.7976931348623157e+308,0,1.7976931348623157e+308,0,1.7976931348623157e+308,0,1.7976931348623157e+308,0
20211014,ag2111,4913.0,4800.0,4817.0,0.0,4813.0,4916.0,4803.0,3295,240951705.0,7599.0,1.7976931348623157e+308,1.7976931348623157e+308,5280.0,4320.0,0.0,1.7976931348623157e+308,20:29:39,500,73126.46585735964,20211013,4901.0,90,4907.0,91,1.7976931348623157e+308,0,1.7976931348623157e+308,0,1.7976931348623157e+308,0,1.7976931348623157e+308,0,1.7976931348623157e+308,0,1.7976931348623157e+308,0,1.7976931348623157e+308,0,1.7976931348623157e+308,0
20211014,ag2111,4913.0,4800.0,4817.0,0.0,4813.0,4916.0,4803.0,3295,240951705.0,7599.0,1.7976931348623157e+308,1.7976931348623157e+308,5280.0,4320.0,0.0,1.7976931348623157e+308,20:29:41,0,73126.46585735964,20211013,4901.0,105,4907.0,106,1.7976931348623157e+308,0,1.7976931348623157e+308,0,1.7976931348623157e+308,0,1.7976931348623157e+308,0,1.7976931348623157e+308,0,1.7976931348623157e+308,0,1.7976931348623157e+308,0,1.7976931348623157e+308,0
20211014,ag2111,4913.0,4800.0,4817.0,0.0,4813.0,4916.0,4803.0,3295,240951705.0,7599.0,1.7976931348623157e+308,1.7976931348623157e+308,5280.0,4320.0,0.0,1.7976931348623157e+308,20:29:41,500,73126.46585735964,20211013,4901.0,90,4907.0,91,1.7976931348623157e+308,0,1.7976931348623157e+308,0,1.7976931348623157e+308,0,1.7976931348623157e+308,0,1.7976931348623157e+308,0,1.7976931348623157e+308,0,1.7976931348623157e+308,0,1.7976931348623157e+308,0
20211014,ag2111,4913.0,4800.0,4817.0,0.0,4813.0,4916.0,4803.0,3295,240951705.0,7599.0,1.7976931348623157e+308,1.7976931348623157e+308,5280.0,4320.0,0.0,1.7976931348623157e+308,20:29:43,0,73126.46585735964,20211013,4901.0,105,4907.0,106,1.7976931348623157e+308,0,1.7976931348623157e+308,0,1.7976931348623157e+308,0,1.7976931348623157e+308,0,1.7976931348623157e+308,0,1.7976931348623157e+308,0,1.7976931348623157e+308,0,1.7976931348623157e+308,0
20211014,ag2111,4913.0,4800.0,4817.0,0.0,4813.0,4916.0,4803.0,3295,240951705.0,7599.0,1.7976931348623157e+308,1.7976931348623157e+308,5280.0,4320.0,0.0,1.7976931348623157e+308,20:29:43,500,73126.46585735964,20211013,4901.0,90,4907.0,91,1.7976931348623157e+308,0,1.7976931348623157e+308,0,1.7976931348623157e+308,0,1.7976931348623157e+308,0,1.7976931348623157e+308,0,1.7976931348623157e+308,0,1.7976931348623157e+308,0,1.7976931348623157e+308,0
20211014,ag2111,4913.0,4800.0,4817.0,0.0,4813.0,4916.0,4803.0,3295,240951705.0,7599.0,1.7976931348623157e+308,1.7976931348623157e+308,5280.0,4320.0,0.0,1.7976931348623157e+308,20:29:44,500,73126.46585735964,20211013,4901.0,90,4907.0,93,1.7976931348623157e+308,0,1.7976931348623157e+308,0,1.7976931348623157e+308,0,1.7976931348623157e+308,0,1.7976931348623157e+308,0,1.7976931348623157e+308,0,1.7976931348623157e+308,0,1.7976931348623157e+308,0
20211014,ag2111,4913.0,4800.0,4817.0,0.0,4813.0,4916.0,4803.0,3295,240951705.0,7599.0,1.7976931348623157e+308,1.7976931348623157e+308,5280.0,4320.0,0.0,1.7976931348623157e+308,20:29:46,0,73126.46585735964,20211013,4901.0,105,4907.0,108,1.7976931348623157e+308,0,1.7976931348623157e+308,0,1.7976931348623157e+308,0,1.7976931348623157e+308,0,1.7976931348623157e+308,0,1.7976931348623157e+308,0,1.7976931348623157e+308,0,1.7976931348623157e+308,0
20211014,ag2111,4913.0,4800.0,4817.0,0.0,4813.0,4916.0,4803.0,3295,240951705.0,7599.0,1.7976931348623157e+308,1.7976931348623157e+308,5280.0,4320.0,0.0,1.7976931348623157e+308,20:29:46,500,73126.46585735964,20211013,4901.0,90,4907.0,93,1.7976931348623157e+308,0,1.7976931348623157e+308,0,1.7976931348623157e+308,0,1.7976931348623157e+308,0,1.7976931348623157e+308,0,1.7976931348623157e+308,0,1.7976931348623157e+308,0,1.7976931348623157e+308,0
20211014,ag2111,4913.0,4800.0,4817.0,0.0,4813.0,4916.0,4803.0,3295,240951705.0,7599.0,1.7976931348623157e+308,1.7976931348623157e+308,5280.0,4320.0,0.0,1.7976931348623157e+308,20:29:47,500,73126.46585735964,20211013,4902.0,15,4907.0,78,1.7976931348623157e+308,0,1.7976931348623157e+308,0,1.7976931348623157e+308,0,1.7976931348623157e+308,0,1.7976931348623157e+308,0,1.7976931348623157e+308,0,1.7976931348623157e+308,0,1.7976931348623157e+308,0
20211014,ag2111,4913.0,4800.0,4817.0,0.0,4813.0,4916.0,4803.0,3295,240951705.0,7599.0,1.7976931348623157e+308,1.7976931348623157e+308,5280.0,4320.0,0.0,1.7976931348623157e+308,20:29:48,0,73126.46585735964,20211013,4902.0,30,4907.0,30,1.7976931348623157e+308,0,1.7976931348623157e+308,0,1.7976931348623157e+308,0,1.7976931348623157e+308,0,1.7976931348623157e+308,0,1.7976931348623157e+308,0,1.7976931348623157e+308,0,1.7976931348623157e+308,0
20211014,ag2111,4913.0,4800.0,4817.0,0.0,4813.0,4916.0,4803.0,3295,240951705.0,7599.0,1.7976931348623157e+308,1.7976931348623157e+308,5280.0,4320.0,0.0,1.7976931348623157e+308,20:29:48,500,73126.46585735964,20211013,4902.0,45,4907.0,30,1.7976931348623157e+308,0,1.7976931348623157e+308,0,1.7976931348623157e+308,0,1.7976931348623157e+308,0,1.7976931348623157e+308,0,1.7976931348623157e+308,0,1.7976931348623157e+308,0,1.7976931348623157e+308,0
20211014,ag2111,4913.0,4800.0,4817.0,0.0,4813.0,4916.0,4803.0,3295,240951705.0,7599.0,1.7976931348623157e+308,1.7976931348623157e+308,5280.0,4320.0,0.0,1.7976931348623157e+308,20:29:49,0,73126.46585735964,20211013,4902.0,75,4908.0,75,1.7976931348623157e+308,0,1.7976931348623157e+308,0,1.7976931348623157e+308,0,1.7976931348623157e+308,0,1.7976931348623157e+308,0,1.7976931348623157e+308,0,1.7976931348623157e+308,0,1.7976931348623157e+308,0
20211014,ag2111,4913.0,4800.0,4817.0,0.0,4813.0,4916.0,4803.0,3295,240951705.0,7599.0,1.7976931348623157e+308,1.7976931348623157e+308,5280.0,4320.0,0.0,1.7976931348623157e+308,20:29:49,500,73126.46585735964,20211013,4902.0,60,4907.0,2,1.7976931348623157e+308,0,1.7976931348623157e+308,0,1.7976931348623157e+308,0,1.7976931348623157e+308,0,1.7976931348623157e+308,0,1.7976931348623157e+308,0,1.7976931348623157e+308,0,1.7976931348623157e+308,0
20211014,ag2111,4913.0,4800.0,4817.0,0.0,4813.0,4916.0,4803.0,3295,240951705.0,7599.0,1.7976931348623157e+308,1.7976931348623157e+308,5280.0,4320.0,0.0,1.7976931348623157e+308,20:29:50,0,73126.46585735964,20211013,4902.0,60,4907.0,17,1.7976931348623157e+308,0,1.7976931348623157e+308,0,1.7976931348623157e+308,0,1.7976931348623157e+308,0,1.7976931348623157e+308,0,1.7976931348623157e+308,0,1.7976931348623157e+308,0,1.7976931348623157e+308,0
20211014,ag2111,4913.0,4800.0,4817.0,0.0,4813.0,4916.0,4803.0,3295,240951705.0,7599.0,1.7976931348623157e+308,1.7976931348623157e+308,5280.0,4320.0,0.0,1.7976931348623157e+308,20:29:51,500,73126.46585735964,20211013,4902.0,75,4908.0,75,1.7976931348623157e+308,0,1.7976931348623157e+308,0,1.7976931348623157e+308,0,1.7976931348623157e+308,0,1.7976931348623157e+308,0,1.7976931348623157e+308,0,1.7976931348623157e+308,0,1.7976931348623157e+308,0
20211014,ag2111,4913.0,4800.0,4817.0,0.0,4813.0,4916.0,4803.0,3295,240951705.0,7599.0,1.7976931348623157e+308,1.7976931348623157e+308,5280.0,4320.0,0.0,1.7976931348623157e+308,20:29:52,0,73126.46585735964,20211013,4902.0,90,4908.0,92,1.7976931348623157e+308,0,1.7976931348623157e+308,0,1.7976931348623157e+308,0,1.7976931348623157e+308,0,1.7976931348623157e+308,0,1.7976931348623157e+308,0,1.7976931348623157e+308,0,1.7976931348623157e+308,0
20211014,ag2111,4913.0,4800.0,4817.0,0.0,4813.0,4916.0,4803.0,3295,240951705.0,7599.0,1.7976931348623157e+308,1.7976931348623157e+308,5280.0,4320.0,0.0,1.7976931348623157e+308,20:29:52,500,73126.46585735964,20211013,4902.0,90,4908.0,103,1.7976931348623157e+308,0,1.7976931348623157e+308,0,1.7976931348623157e+308,0,1.7976931348623157e+308,0,1.7976931348623157e+308,0,1.7976931348623157e+308,0,1.7976931348623157e+308,0,1.7976931348623157e+308,0
20211014,ag2111,4902.0,4800.0,4817.0,0.0,4813.0,4916.0,4803.0,3314,242348775.0,7596.0,1.7976931348623157e+308,1.7976931348623157e+308,5280.0,4320.0,0.0,1.7976931348623157e+308,20:29:53,0,73128.77942063971,20211013,4902.0,60,4908.0,73,1.7976931348623157e+308,0,1.7976931348623157e+308,0,1.7976931348623157e+308,0,1.7976931348623157e+308,0,1.7976931348623157e+308,0,1.7976931348623157e+308,0,1.7976931348623157e+308,0,1.7976931348623157e+308,0
20211014,ag2111,4902.0,4800.0,4817.0,0.0,4813.0,4916.0,4803.0,3314,242348775.0,7596.0,1.7976931348623157e+308,1.7976931348623157e+308,5280.0,4320.0,0.0,1.7976931348623157e+308,20:29:53,500,73128.77942063971,20211013,4902.0,45,4908.0,73,1.7976931348623157e+308,0,1.7976931348623157e+308,0,1.7976931348623157e+308,0,1.7976931348623157e+308,0,1.7976931348623157e+308,0,1.7976931348623157e+308,0,1.7976931348623157e+308,0,1.7976931348623157e+308,0
20211014,ag2111,4902.0,4800.0,4817.0,0.0,4813.0,4916.0,4803.0,3314,242348775.0,7596.0,1.7976931348623157e+308,1.7976931348623157e+308,5280.0,4320.0,0.0,1.7976931348623157e+308,20:29:54,0,73128.77942063971,20211013,4902.0,30,4908.0,58,1.7976931348623157e+308,0,1.7976931348623157e+308,0,1.7976931348623157e+308,0,1.7976931348623157e+308,0,1.7976931348623157e+308,0,1.7976931348623157e+308,0,1.7976931348623157e+308,0,1.7976931348623157e+308,0
20211014,ag2111,4902.0,4800.0,4817.0,0.0,4813.0,4916.0,4803.0,3314,242348775.0,7596.0,1.7976931348623157e+308,1.7976931348623157e+308,5280.0,4320.0,0.0,1.7976931348623157e+308,20:29:54,500,73128.77942063971,20211013,4902.0,30,4908.0,47,1.7976931348623157e+308,0,1.7976931348623157e+308,0,1.7976931348623157e+308,0,1.7976931348623157e+308,0,1.7976931348623157e+308,0,1.7976931348623157e+308,0,1.7976931348623157e+308,0,1.7976931348623157e+308,0
20211014,ag2111,4902.0,4800.0,4817.0,0.0,4813.0,4916.0,4803.0,3314,242348775.0,7596.0,1.7976931348623157e+308,1.7976931348623157e+308,5280.0,4320.0,0.0,1.7976931348623157e+308,20:29:55,0,73128.77942063971,20211013,4902.0,30,4908.0,32,1.7976931348623157e+308,0,1.7976931348623157e+308,0,1.7976931348623157e+308,0,1.7976931348623157e+308,0,1.7976931348623157e+308,0,1.7976931348623157e+308,0,1.7976931348623157e+308,0,1.7976931348623157e+308,0
20211014,ag2111,4902.0,4800.0,4817.0,0.0,4813.0,4916.0,4803.0,3314,242348775.0,7596.0,1.7976931348623157e+308,1.7976931348623157e+308,5280.0,4320.0,0.0,1.7976931348623157e+308,20:29:55,500,73128.77942063971,20211013,4902.0,30,4907.0,15,1.7976931348623157e+308,0,1.7976931348623157e+308,0,1.7976931348623157e+308,0,1.7976931348623157e+308,0,1.7976931348623157e+308,0,1.7976931348623157e+308,0,1.7976931348623157e+308,0,1.7976931348623157e+308,0
20211014,ag2111,4902.0,4800.0,4817.0,0.0,4813.0,4916.0,4803.0,3314,242348775.0,7596.0,1.7976931348623157e+308,1.7976931348623157e+308,5280.0,4320.0,0.0,1.7976931348623157e+308,20:29:57,0,73128.77942063971,20211013,4902.0,45,4907.0,15,1.7976931348623157e+308,0,1.7976931348623157e+308,0,1.7976931348623157e+308,0,1.7976931348623157e+308,0,1.7976931348623157e+308,0,1.7976931348623157e+308,0,1.7976931348623157e+308,0,1.7976931348623157e+308,0
20211014,ag2111,4902.0,4800.0,4817.0,0.0,4813.0,4916.0,4803.0,3314,242348775.0,7596.0,1.7976931348623157e+308,1.7976931348623157e+308,5280.0,4320.0,0.0,1.7976931348623157e+308,20:29:57,500,73128.77942063971,20211013,4902.0,30,4908.0,32,1.7976931348623157e+308,0,1.7976931348623157e+308,0,1.7976931348623157e+308,0,1.7976931348623157e+308,0,1.7976931348623157e+308,0,1.7976931348623157e+308,0,1.7976931348623157e+308,0,1.7976931348623157e+308,0
20211014,ag2111,4902.0,4800.0,4817.0,0.0,4813.0,4916.0,4803.0,3329,243451725.0,7596.0,1.7976931348623157e+308,1.7976931348623157e+308,5280.0,4320.0,0.0,1.7976931348623157e+308,20:29:58,0,73130.58726344247,20211013,4902.0,15,4908.0,32,1.7976931348623157e+308,0,1.7976931348623157e+308,0,1.7976931348623157e+308,0,1.7976931348623157e+308,0,1.7976931348623157e+308,0,1.7976931348623157e+308,0,1.7976931348623157e+308,0,1.7976931348623157e+308,0
20211014,ag2111,4902.0,4800.0,4817.0,0.0,4813.0,4916.0,4803.0,3329,243451725.0,7596.0,1.7976931348623157e+308,1.7976931348623157e+308,5280.0,4320.0,0.0,1.7976931348623157e+308,20:29:58,500,73130.58726344247,20211013,4892.0,5,4908.0,2,1.7976931348623157e+308,0,1.7976931348623157e+308,0,1.7976931348623157e+308,0,1.7976931348623157e+308,0,1.7976931348623157e+308,0,1.7976931348623157e+308,0,1.7976931348623157e+308,0,1.7976931348623157e+308,0
20211014,ag2111,4902.0,4800.0,4817.0,0.0,4813.0,4916.0,4803.0,3329,243451725.0,7596.0,1.7976931348623157e+308,1.7976931348623157e+308,5280.0,4320.0,0.0,1.7976931348623157e+308,20:29:59,0,73130.58726344247,20211013,4899.0,41,4908.0,2,1.7976931348623157e+308,0,1.7976931348623157e+308,0,1.7976931348623157e+308,0,1.7976931348623157e+308,0,1.7976931348623157e+308,0,1.7976931348623157e+308,0,1.7976931348623157e+308,0,1.7976931348623157e+308,0
20211014,ag2111,4902.0,4800.0,4817.0,0.0,4813.0,4916.0,4803.0,3329,243451725.0,7596.0,1.7976931348623157e+308,1.7976931348623157e+308,5280.0,4320.0,0.0,1.7976931348623157e+308,20:29:59,500,73130.58726344247,20211013,4900.0,10,4908.0,2,1.7976931348623157e+308,0,1.7976931348623157e+308,0,1.7976931348623157e+308,0,1.7976931348623157e+308,0,1.7976931348623157e+308,0,1.7976931348623157e+308,0,1.7976931348623157e+308,0,1.7976931348623157e+308,0
20211014,ag2111,4902.0,4800.0,4817.0,0.0,4813.0,4916.0,4803.0,3329,243451725.0,7596.0,1.7976931348623157e+308,1.7976931348623157e+308,5280.0,4320.0,0.0,1.7976931348623157e+308,20:30:00,0,73130.58726344247,20211013,4896.0,8,4908.0,7,1.7976931348623157e+308,0,1.7976931348623157e+308,0,1.7976931348623157e+308,0,1.7976931348623157e+308,0,1.7976931348623157e+308,0,1.7976931348623157e+308,0,1.7976931348623157e+308,0,1.7976931348623157e+308,0
20211014,ag2111,4902.0,4800.0,4817.0,0.0,4813.0,4916.0,4803.0,3329,243451725.0,7596.0,1.7976931348623157e+308,1.7976931348623157e+308,5280.0,4320.0,0.0,1.7976931348623157e+308,20:30:00,500,73130.58726344247,20211013,4898.0,64,4907.0,2,1.7976931348623157e+308,0,1.7976931348623157e+308,0,1.7976931348623157e+308,0,1.7976931348623157e+308,0,1.7976931348623157e+308,0,1.7976931348623157e+308,0,1.7976931348623157e+308,0,1.7976931348623157e+308,0
20211014,ag2111,4902.0,4800.0,4817.0,0.0,4813.0,4916.0,4803.0,3329,243451725.0,7596.0,1.7976931348623157e+308,1.7976931348623157e+308,5280.0,4320.0,0.0,1.7976931348623157e+308,20:30:01,0,73130.58726344247,20211013,4899.0,2,4907.0,4,1.7976931348623157e+308,0,1.7976931348623157e+308,0,1.7976931348623157e+308,0,1.7976931348623157e+308,0,1.7976931348623157e+308,0,1.7976931348623157e+308,0,1.7976931348623157e+308,0,1.7976931348623157e+308,0
20211014,ag2111,4902.0,4800.0,4817.0,0.0,4813.0,4916.0,4803.0,3329,243451725.0,7596.0,1.7976931348623157e+308,1.7976931348623157e+308,5280.0,4320.0,0.0,1.7976931348623157e+308,20:30:01,500,73130.58726344247,20211013,4899.0,2,4907.0,4,1.7976931348623157e+308,0,1.7976931348623157e+308,0,1.7976931348623157e+308,0,1.7976931348623157e+308,0,1.7976931348623157e+308,0,1.7976931348623157e+308,0,1.7976931348623157e+308,0,1.7976931348623157e+308,0
20211014,ag2111,4902.0,4800.0,4817.0,0.0,4813.0,4916.0,4803.0,3329,243451725.0,7596.0,1.7976931348623157e+308,1.7976931348623157e+308,5280.0,4320.0,0.0,1.7976931348623157e+308,20:30:02,500,73130.58726344247,20211013,4900.0,4,4909.0,3,1.7976931348623157e+308,0,1.7976931348623157e+308,0,1.7976931348623157e+308,0,1.7976931348623157e+308,0,1.7976931348623157e+308,0,1.7976931348623157e+308,0,1.7976931348623157e+308,0,1.7976931348623157e+308,0
20211014,ag2111,4902.0,4800.0,4817.0,0.0,4813.0,4916.0,4803.0,3329,243451725.0,7596.0,1.7976931348623157e+308,1.7976931348623157e+308,5280.0,4320.0,0.0,1.7976931348623157e+308,20:30:03,0,73130.58726344247,20211013,4900.0,23,4908.0,2,1.7976931348623157e+308,0,1.7976931348623157e+308,0,1.7976931348623157e+308,0,1.7976931348623157e+308,0,1.7976931348623157e+308,0,1.7976931348623157e+308,0,1.7976931348623157e+308,0,1.7976931348623157e+308,0
20211014,ag2111,4902.0,4800.0,4817.0,0.0,4813.0,4916.0,4803.0,3329,243451725.0,7596.0,1.7976931348623157e+308,1.7976931348623157e+308,5280.0,4320.0,0.0,1.7976931348623157e+308,20:30:06,0,73130.58726344247,20211013,4898.0,4,4908.0,4,1.7976931348623157e+308,0,1.7976931348623157e+308,0,1.7976931348623157e+308,0,1.7976931348623157e+308,0,1.7976931348623157e+308,0,1.7976931348623157e+308,0,1.7976931348623157e+308,0,1.7976931348623157e+308,0
20211014,ag2111,4902.0,4800.0,4817.0,0.0,4813.0,4916.0,4803.0,3329,243451725.0,7596.0,1.7976931348623157e+308,1.7976931348623157e+308,5280.0,4320.0,0.0,1.7976931348623157e+308,20:30:06,500,73130.58726344247,20211013,4899.0,23,4907.0,2,1.7976931348623157e+308,0,1.7976931348623157e+308,0,1.7976931348623157e+308,0,1.7976931348623157e+308,0,1.7976931348623157e+308,0,1.7976931348623157e+308,0,1.7976931348623157e+308,0,1.7976931348623157e+308,0
20211014,ag2111,4902.0,4800.0,4817.0,0.0,4813.0,4916.0,4803.0,3329,243451725.0,7596.0,1.7976931348623157e+308,1.7976931348623157e+308,5280.0,4320.0,0.0,1.7976931348623157e+308,20:30:07,0,73130.58726344247,20211013,4899.0,23,4909.0,4,1.7976931348623157e+308,0,1.7976931348623157e+308,0,1.7976931348623157e+308,0,1.7976931348623157e+308,0,1.7976931348623157e+308,0,1.7976931348623157e+308,0,1.7976931348623157e+308,0,1.7976931348623157e+308,0
20211014,ag2111,4902.0,4800.0,4817.0,0.0,4813.0,4916.0,4803.0,3329,243451725.0,7596.0,1.7976931348623157e+308,1.7976931348623157e+308,5280.0,4320.0,0.0,1.7976931348623157e+308,20:30:07,500,73130.58726344247,20211013,4899.0,53,4908.0,3,1.7976931348623157e+308,0,1.7976931348623157e+308,0,1.7976931348623157e+308,0,1.7976931348623157e+308,0,1.7976931348623157e+308,0,1.7976931348623157e+308,0,1.7976931348623157e+308,0,1.7976931348623157e+308,0
20211014,ag2111,4902.0,4800.0,4817.0,0.0,4813.0,4916.0,4803.0,3329,243451725.0,7596.0,1.7976931348623157e+308,1.7976931348623157e+308,5280.0,4320.0,0.0,1.7976931348623157e+308,20:30:08,0,73130.58726344247,20211013,4899.0,53,4908.0,2,1.7976931348623157e+308,0,1.7976931348623157e+308,0,1.7976931348623157e+308,0,1.7976931348623157e+308,0,1.7976931348623157e+308,0,1.7976931348623157e+308,0,1.7976931348623157e+308,0,1.7976931348623157e+308,0
20211014,ag2111,4902.0,4800.0,4817.0,0.0,4813.0,4916.0,4803.0,3329,243451725.0,7596.0,1.7976931348623157e+308,1.7976931348623157e+308,5280.0,4320.0,0.0,1.7976931348623157e+308,20:30:08,500,73130.58726344247,20211013,4900.0,4,4908.0,2,1.7976931348623157e+308,0,1.7976931348623157e+308,0,1.7976931348623157e+308,0,1.7976931348623157e+308,0,1.7976931348623157e+308,0,1.7976931348623157e+308,0,1.7976931348623157e+308,0,1.7976931348623157e+308,0
